4562 5778
2048 431 2067 496 5

292 599 414 662 diana
434 595 595 660 minuta
616 591 777 674 proelia
797 589 961 654 fiebant
1054 589 1161 667 Quae
1182 609 1244 653 res
1267 609 1352 653 cum
1374 592 1418 654 ad
1441 595 1632 657 maiorem
1654 596 1866 659 contentionem
1887 599 2068 666 venisset.

293 703 322 778 8,
345 703 364 764 6
386 699 484 764 Nam
507 716 591 760 oum
612 695 720 759 inter
739 693 941 775 Ateguam
963 693 1004 755 ct
1025 692 1192 756 Ucubim
1302 697 1520 778 Pompeius
1542 699 1688 764 habuit
1710 709 1809 760 eustoc
1830 701 1987 762 corneciaco
2156 691 2165 705 ⁸

293 807 339 869 ab
362 801 812 880 suisonccn's...grumus
834 797 897 861 est
919 795 1128 860 excellens
1156 799 1300 862 natura
1323 799 1464 863 ...ibi
1482 801 1686 882 praesidii
1706 822 1827 868 causa
1847 806 2068 870 castellum

294 905 405 970 Caesar
424 902 527 965 imbuit
546 901 744 963 constitutum.
776 897 1201 982 9,1QnooP0mpcius,
1225 901 1307 984 qnod
1326 905 1457 968 eodem
1480 906 1570 988 iugo
1593 907 1809 988 tegebatur
1828 907 1885 969 loci
1906 910 2066 988 natura,

294 1011 332 1072 et
360 1007 558 1071 remotum
588 1005 678 1068 erat
702 1022 720 1066 a
746 1003 903 1067 castris
941 1001 1148 1078 Caesaris,
1185 1003 1543 1070 animadvertebat
1573 1005 1631 1066 loci
1659 1005 1864 1092 difficultatem
1890 1011 1942 1086 et,
1976 1014 2069 1094 quia

293 1109 465 1174 flumine
494 1109 612 1174 Salso
641 1105 1017 1183 intercludebatur,
1046 1123 1121 1168 non
1151 1123 1239 1168 esse
1267 1107 1494 1168 commissorum
1521 1108 1696 1188 Caesarem,
1724 1114 1767 1176 ut
1794 1115 1834 1176 in
1865 1117 1981 1182 tanta
2012 1117 2070 1179 loci

293 1213 467 1300 difficultate
489 1215 535 1278 ad
566 1212 794 1278 subsidium
824 1209 1001 1273 ncicocndcnn
1023 1229 1062 1274 se
1085 1209 1274 1270 oonnnnioorec
1297 1207 1381 1293 (cum
1405 1211 1614 1294 Nipperdciol.
1658 1215 1751 1292 25,4
1793 1217 2068 1304 apompeius

292 1321 430 1402 Niger,
460 1337 581 1400 eques
604 1319 805 1382 Romanus
836 1315 1084 1379 italicensis
1113 1333 1155 1378 er
1185 1315 1273 1378 acic
1301 1316 1442 1380 nostra
1472 1317 1517 1380 ad
1540 1316 1791 1400 conpredicndnnn
1812 1341 1989 1404 propriosne
2011 1327 2068 1390 est.

292 1425 380 1488 Haec
403 1421 561 1486 sufficiant
583 1419 723 1503 exempla
745 1438 779 1482 en
802 1437 916 1502 magna
939 1417 1091 1482 eiusmodi
1114 1419 1252 1482 locorum
1276 1419 1365 1500 copia
1385 1437 1440 1501 per
1468 1419 1570 1484 totum
1591 1421 1705 1484 librum
1728 1422 1835 1488 electa.
1878 1425 2067 1493 Dominanto

294 1526 377 1589 enim
399 1524 664 1588 constructionum
679 1521 956 1604 vocabulorumquc
975 1522 1081 1602 inopia
1103 1522 1204 1586 omnis
1227 1523 1309 1586 iacet
1331 1521 1454 1585 dicendi
1476 1521 1641 1605 elegantia,
1664 1524 1815 1608 longeque
1837 1529 1968 1611 scriptor
1982 1531 2018 1596 B.
2028 1533 2068 1596 H.

294 1629 445 1694 eiusmodi
472 1628 632 1692 verborum
664 1625 901 1708 repetitionibus
931 1625 1056 1707 superat
1087 1621 1227 1687 Hirtium
1250 1623 1341 1704 atque
1363 1621 1398 1685 B.
1422 1621 1460 1685 Δ.
1482 1623 1677 1705 scriptorem,
1706 1645 1781 1708 quos
1804 1628 1912 1692 eodem
1932 1632 2008 1698 vitio
2032 1651 2068 1696 ex

296 1733 383 1816 parto
412 1731 549 1796 laborare
576 1731 763 1794 monuerunt
792 1725 1359 1812 Nipperdcius1)etProehliclrius2).
1412 1726 1529 1790 Haeret
1558 1727 1592 1790 in
1618 1730 1767 1794 vocabulo
1793 1733 1890 1796 semel
1912 1738 2067 1819 usurpato,

293 1832 419 1916 proinde
442 1833 530 1916 quasi
545 1833 628 1896 aliud
645 1831 771 1896 omnino
794 1831 929 1908 nesciat,
953 1829 1007 1894 cfr.
1030 1833 1066 1908 2,
1093 1831 1107 1893 1
1127 1831 1191 1894 et2
1214 1829 1356 1893 venire
1378 1827 1425 1892 bis
1447 1830 1623 1911 repet'tum.
1667 1834 1701 1908 2,
1725 1835 1789 1897 2et
1800 1836 1828 1898 3.
1851 1838 2067 1912 certiorem

294 1936 310 2000 f
315 1955 433 2000 acere
455 1937 503 2001 bis
522 1937 700 2018 repetitum.
744 1937 778 2012 3,
802 1937 822 1998 2
845 1935 877 1998 et
904 1936 923 1998 3
946 1934 979 1997 et
999 1924 1076 1996 4'et
1098 1933 1116 1996 5
1147 1933 1281 2015 quinque
1310 1932 1472 1996 enuntiata
1499 1951 1517 1996 a
1543 1935 1723 2016 pronomine
1750 1937 1879 2004 relativo
1907 1941 2067 2026 incipiunt.

293 2043 323 2118 3,
346 2043 366 2104 2
389 2060 465 2124 quo
495 2059 531 2104 er
560 2041 680 2123 oppido,
704 2043 734 2118 3,
756 2041 776 2104 3
804 2039 950 2122 quibus
975 2085 983 2101 .
1006 2085 1013 2102 .
1036 2085 1043 2100 .
1066 2036 1231 2136 pracfecit,
1255 2038 1284 2113 3,
1306 2037 1335 2099 4.
1380 2035 1455 2113 Qui
1485 2055 1569 2099 cum
1591 2085 1599 2100 .
1622 2086 1630 2102 .
1652 2085 1660 2102 .
1683 2040 1833 2119 venisset,
1856 2045 1886 2120 3,
1908 2045 1927 2108 5
1951 2047 2068 2112 cuius

294 2143 551 2208 incommodum.
579 2193 585 2209 .
609 2192 616 2209 .
638 2144 818 2228 praebebat,
846 2145 882 2220 3,
905 2144 923 2206 5
947 2160 1046 2226 quae
1075 2141 1124 2205 ris
1154 2139 1351 2222 tempestatis
1381 2139 1426 2202 ita
1455 2139 1653 2218 obscurabat,
1684 2143 1713 2219 3,
1738 2145 2067 2215 161461711661

294 2249 501 2332 temporis.
544 2248 846 2326 4,lHocmisso
866 2245 904 2310 ad
926 2245 1029 2311 Uliam
1051 2244 1214 2327 praesidio.
1257 2246 1334 2320 4,3
1364 2243 1841 2314 HocaCordubensibusetc.
1885 2252 2067 2329 4,4H0c

294 2351 406 2416 timore
435 2352 593 2416 adductus.
636 2353 666 2430 5,
693 2354 713 2416 3
744 2352 829 2415 Huc
858 2369 930 2414 cum
959 2349 1134 2432 Pompeius.
1178 2348 1253 2424 5‚4
1283 2346 1359 2410 Hic
1389 2345 1471 2409 inter
1494 2346 1586 2411 duces
1616 2347 1652 2411 fit
1674 2349 1840 2416 contentio.
1883 2355 1960 2431 5,6
1991 2359 2067 2424 Η16

294 2455 424 2521 alternis
439 2457 498 2521 etc.
520 2458 570 2534 30,
589 2459 608 2521 3
632 2456 740 2535 Quod
763 2475 848 2520 cum
871 2453 1033 2520 aCaasarc
1050 2453 1133 2516 esset
1148 2450 1405 2516 animadversum.
1428 2453 1478 2526 30,
1494 2451 1514 2512 4
1537 2450 1645 2528 Quod
1661 2471 1746 2516 curn
1763 2455 1923 2522 hominum
1942 2461 2067 2527 auribus

295 2560 377 2625 esset
398 2559 562 2624 obiectum.
606 2563 635 2637 6,
660 2562 676 2623 l
700 2560 732 2623 et
753 2561 773 2622 2
796 2559 854 2624 duo
878 2559 1039 2624 enuntiata
1061 2557 1205 2640 deinceps
1234 2553 1388 2636 incipiunt
1411 2574 1429 2620 a
1452 2555 1608 2621 vocabulis
1630 2557 1668 2620 id
1695 2577 1797 2623 cum:
1829 2561 1868 2625 id
1890 2583 1976 2630 cunr
1998 2569 2066 2632 ani·

294 2663 501 2729 madverteret
598 2661 744 2733 id‚cum
768 2662 934 2744 Pompeius
957 2680 992 2725 ex
1013 2661 1152 2744 perfugis
1174 2659 1328 2724 rescisset.
1373 2657 1491 2736 Quibus
1514 2661 1662 2742 expositis
1684 2662 1785 2726 totum
1807 2664 1910 2730 locum
1932 2669 1977 2732 sio
1999 2689 2067 2736 esse

295 2767 490 2832 scribendum
517 2767 591 2850 puto
621 2765 653 2831 0.
679 2765 826 2829 Caesar
857 2766 1039 2830 dictator
1070 2767 1214 2841 tertio,
1244 2759 1346 2823 conarri
1379 2760 1625 2844 designatus
1655 2767 1797 2847 quarto
1825 2771 1970 2836 multis
1999 2785 2067 2837 ancre

295 2873 350 2934 icor
369 2869 457 2934 rodco
478 2869 617 2954 consectis
646 2887 731 2933 cum
754 2866 839 2930 coloni
853 2866 1048 2952 festinacione
1078 2870 1120 2930 nd
1146 2869 1300 2935 bellum
1327 2864 1631 2931 conficiendum
1654 2869 1694 2934 in
1716 2870 1956 2954 Hispaniam
1979 2897 2066 2944 cum

294 2974 485 3039 venisset
507 2976 564 3039 eto.
1073 3043 1074 3048 ,
1426 2957 1437 3012 t

446 3077 484 3154 Π,
508 3078 537 3141 3.
581 3077 732 3154 Quibus
753 3075 872 3140 rebus
895 3076 1108 3153 adductus,
1138 3095 1234 3158 quos
1257 3077 1422 3158 legatos
1445 3079 1539 3140 ants
1562 3077 1769 3142 exercitui
1790 3081 2066 3167 praefecerat,

296 3179 332 3258 Q.
354 3179 520 3243 Pedium
551 3181 591 3242 et
614 3179 649 3257 Q.
670 3178 833 3243 Fabium
863 3178 907 3243 de
930 3199 999 3244 suo
1023 3181 1201 3244 adventu
1224 3179 1330 3244 facit
1358 3182 1562 3244 certiores
1588 3183 1711 3262 utque
1733 3183 1814 3248 sibi
1837 3187 2065 3268 equitatus,

295 3285 361 3368 qui
382 3303 425 3349 ox
446 3285 666 3367 provincia
683 3283 851 3362 fuisset,
882 3285 1092 3368 praesidio
1121 3285 1238 3348 esset.
1290 3283 1428 3348 Kochius
1450 3283 1471 3348 l.
1495 3303 1519 3348 s.
1540 3285 1600 3348 477
1624 3285 1702 3349 illud
1727 3287 1793 3369 qui
1815 3336 1822 3352 .
1847 3336 1855 3352 .
1878 3337 1886 3354 .
1908 3290 2066 3359 fuisset

296 3408 356 3453 non
382 3387 544 3453 ferendum
573 3388 713 3453 iudicans
742 3391 814 3453 ante
844 3388 1001 3454 fuisset
1029 3389 1224 3454 intercidisse
1253 3388 1341 3454 docet
1372 3390 1556 3466 coactus,
1586 3408 1647 3454 uon
1669 3389 1767 3466 recte,
1795 3393 1880 3474 puto.
1925 3395 2065 3460 Primum

296 3491 379 3554 anim
401 3491 532 3574 simplex
554 3491 681 3556 verbum
704 3510 793 3557 esse
815 3511 885 3556 cum
915 3512 958 3556 ex
980 3493 1207 3576 praepositione
1234 3493 1433 3560 coniunctum
1457 3494 1549 3576 atque
1571 3491 1616 3556 ita
1638 3492 1826 3571 adhibitum,
1857 3497 1892 3561 ut
1913 3499 2064 3582 originem

295 3591 428 3676 alicuius
457 3594 507 3658 vel
528 3595 664 3658 hominis
693 3594 742 3659 vel
769 3597 921 3660 exercitus
950 3595 1120 3680 significet,
1150 3597 1220 3678 plue
1248 3599 1344 3662 semel
1376 3600 1435 3664 hoc
1463 3599 1496 3662 in
1526 3598 1604 3663 libro
1627 3598 1712 3661 extat
1734 3599 1804 3680 [cfr.
1827 3601 1856 3678 7,
1877 3602 1898 3664 4
1920 3606 2066 3685 quarta

296 3695 352 3778 (sc.
372 3695 467 3779 legio)
488 3695 554 3779 scit
579 3697 809 3763 Afraniana
839 3718 875 3760 cc
898 3697 1027 3781 Asricc;
1057 3700 1095 3764 ad
1124 3699 1364 3766 similitudinem
1396 3703 1488 3766 huius
1517 3701 1578 3766 loci
1598 3701 1748 3765 accedunt
1769 3704 1819 3781 31,
1842 3707 1861 3768 9
1884 3707 2065 3792 itemque

296 3799 456 3884 equites
485 3801 654 3864 Romani
676 3801 732 3886 (sc.
753 3801 943 3886 ceciderunt)
973 3803 1123 3886 partim
1146 3823 1183 3865 cc
1210 3803 1296 3876 corbe,
1327 3805 1479 3888 partim
1502 3823 1546 3868 ex
1577 3805 1799 3888 provincia.
1827 3808 1859 3870 et
1880 3809 1907 3885 1,
1935 3809 2063 3875 tcum

295 3905 509 3989 aliquisne
531 3925 566 3966 ea
588 3904 704 3967 civicam
727 3906 879 3989 optime
901 3907 1074 3971 meritus
1106 3909 1212 3973 civis
1235 3911 1330 3990 corn]
1382 3907 1682 3992 Plusquamperfecti
1708 3911 1812 3974 autem
1835 3911 2063 3980 coniunctium

295 4010 328 4074 in
343 4011 522 4084 ,enuntiatis
544 4009 684 4074 relativis
706 4012 888 4094 usurpatum
909 4011 976 4076 loco
998 4012 1159 4079 indicativi
1182 4013 1356 4098 imperfecti
1380 4013 1491 4077 hocin
1513 4013 1591 4078 libro
1613 4015 1679 4077 tam
1702 4031 1792 4097 saepe
1814 4014 1891 4098 legi,
1915 4018 1950 4080 ut
1970 4037 2064 4100 propa

295 4113 433 4178 medium
455 4113 578 4191 aflerat,
608 4113 753 4196 quoniam
772 4113 976 4197 Nipperdeius
998 4115 1060 4180 iam
1083 4117 1103 4180 l.
1126 4137 1150 4182 s.
1170 4138 1199 4202 p.
1221 4119 1260 4182 25
1283 4115 1393 4182 multis
1418 4116 1565 4199 exemplis
1588 4116 1710 4182 collatis
1733 4117 1883 4196 ostendit,
1906 4121 1987 4184 haud
2009 4121 2064 4188 abs

295 4217 480 4296 revidetur,
509 4217 546 4282 de
568 4219 626 4282 hoc
650 4218 879 4283 enuntiatorum
901 4217 1101 4284 relativorum
1124 4239 1191 4298 usu,
1213 4222 1267 4304 qui
1289 4222 1331 4286 sit
1354 4220 1433 4304 apud
1455 4221 1635 4302 scriptorem
1657 4221 1693 4284 B.
1704 4221 1754 4297 H,
1777 4221 1815 4285 ab
1838 4239 1977 4286 sermono
2001 4224 2064 4289 ele·

295 4319 472 4399 gantiorum
494 4321 679 4404 scriptorum
702 4323 884 4387 abhorrente
906 4323 997 4406 paulo
1019 4325 1192 4390 accuratius
1215 4326 1421 4412 subtiliusque
1444 4324 1603 4390 disserere.
1633 4325 1761 4409 Saepius
1784 4343 1851 4390 essa
1874 4327 2006 4406 factum,
2028 4331 2064 4393 ut

296 4421 346 4486 vel
366 4423 545 4505 scriptores,
569 4426 622 4507 qui
643 4425 830 4510 elegantiam
854 4429 1004 4492 sermonis
1023 4428 1208 4507 coluissent,
1230 4450 1284 4512 pro
1307 4431 1474 4496 indicativo
1497 4429 1672 4514 imperfecti
1692 4433 1841 4514 ponerent
1862 4433 2063 4502 indicativum

295 4523 604 4608 plusquamperfecti,
641 4528 808 4594 Schneider
837 4531 869 4596 in
900 4531 1057 4597 Wachleri
1084 4533 1212 4615 philem.
1244 4535 1272 4611 I,
1305 4535 1363 4598 135
1395 4537 1427 4598 ct
1455 4533 1660 4618 Nipperdoius
1697 4536 1747 4598 Pr.
1776 4537 1817 4598 20
1848 4537 1996 4620 exemplis
2028 4556 2062 4602 er

296 4627 437 4693 Caesaris
460 4629 618 4711 Hirtiique
638 4631 727 4697 libris
749 4633 889 4700 collectis
909 4635 1152 4720 comprobavere.
1194 4637 1280 4701 Idem
1301 4637 1505 4721 Nipperdoius
1530 4656 1565 4701 er
1582 4638 1730 4721 scriptore
1747 4635 1883 4721 vulgaris
1903 4641 2063 4718 sermonis,

297 4749 332 4796 ex
353 4732 496 4798 Vitruvio
519 4733 657 4816 exempla
679 4737 835 4819 congessit
856 4737 876 4802 l.
900 4757 924 4803 s.
945 4739 1001 4814 21;
1025 4757 1123 4822 noque
1147 4741 1234 4806 deest
1254 4743 1331 4807 haec
1353 4741 1474 4806 dicendi
1497 4741 1683 4806 consuetudo
1705 4741 1867 4819 Sallustio,
1891 4763 1950 4826 qua
1971 4745 2007 4808 de
2030 4765 2063 4809 re

295 4835 365 4898 vide
385 4835 557 4914 Kritzium,
585 4837 657 4902 bell.
678 4839 744 4922 Ing.
765 4841 816 4918 39,
838 4843 867 4904 3.
912 4841 1039 4926 Saepius
1065 4843 1180 4928 legitur
1209 4847 1241 4909 in
1269 4845 1350 4910 bello
1372 4845 1519 4911 Africano
1543 4845 1648 4930 [Nipp.
1670 4847 1720 4910 Pr.
1742 4848 1814 4928 20];
1844 4847 1936 4912 huius
1958 4850 2063 4916 autem

450 5057 476 5124 ι)
494 5055 537 5111 er.
559 5059 600 5124 13,
618 5061 660 5116 aa.
706 5061 734 5128 e)
752 5059 769 5114 r.
787 5075 809 5116 s.
828 5060 869 5115 cs.
