4562 5778
261 271 417 340 12,

260 434 459 518 proelium
491 432 639 498 iacere.
689 431 803 516 Agitur
832 433 935 498 autem
958 433 995 496 de
1017 432 1225 518 Pompeianis.
1269 435 1364 498 Recte
1393 433 1597 518 Nipperdeius
1620 435 1671 497 Pr.
1693 433 1755 497 235
1778 431 1910 507 iudicat,
1943 451 2037 496 con·

261 539 459 600 suessent
491 537 571 600 haud
603 554 693 619 posse
726 536 866 614 tolerari,
900 539 953 602 sed
986 537 1137 622 quomodo
1172 537 1386 602 coniunctivus
1420 539 1463 602 sit
1497 536 1719 613 emendandus,
1759 554 1826 601 sese
1859 555 1919 601 non
1951 536 2038 600 inve-

261 639 343 704 nisse
366 639 490 704 latetm·.
534 639 678 704 Proxima
706 641 811 704 autem
841 641 932 705 verba
962 659 1005 704 er
1035 641 1168 706 simili
1197 641 1351 706 virtute
1378 639 1554 706 clamore
1585 640 1698 705 laete
1728 640 1915 704 aversati
1945 641 2040 703 sunt

261 743 463 826 proelium
496 743 632 806 lacere
664 742 691 806 si
721 762 739 808 a
768 743 916 826 scriptore
944 743 979 808 B.
1002 743 1041 806 H.
1065 745 1110 808 sic
1143 743 1282 827 profecta
1312 746 1343 808 et
1373 744 1488 810 ironice
1518 744 1601 808 dicta
1631 762 1699 808 esse
1729 744 1848 819 censet,
1882 741 2039 826 complura

262 849 401 925 obstant,
432 848 594 931 quominus
623 849 652 913 ei
683 849 899 914 assentiamur.
954 847 1059 930 Neque
1087 849 1208 913 Kraner
1235 849 1439 932 corruptelam
1465 847 1593 912 sustulit
1617 845 1776 912 scribendo
1809 848 1851 910 ut
1881 845 2040 911 consti·

263 951 432 1028 tissent,
466 951 537 1034 quia
568 970 638 1016 eum
672 953 769 1035 fugit,
802 953 944 1035 princeps
974 953 1119 1018 mendum
1148 953 1246 1019 latere
1278 955 1312 1018 in
1344 954 1405 1018 alio
1436 952 1592 1018 vocabulo.
1647 951 1772 1016 Etenim
1802 971 1876 1016 num
1904 953 1986 1016 recta
2008 969 2041 1014 se

263 1053 375 1118 habere
404 1056 534 1136 possunt
563 1055 618 1122 illa
644 1057 737 1120 rerba
765 1055 950 1120 aversati
978 1057 1073 1120 suat
1101 1056 1302 1140 proelium
1333 1056 1493 1120 lacere?
1543 1056 1699 1132 Quantum
1727 1053 1844 1118 distent
1873 1073 1891 1118 a
1920 1055 2042 1137 reipsa

155 1224 162 1238 ‚
265 1156 357 1238 atque
379 1176 397 1220 a
420 1157 562 1235 veritate,
592 1179 667 1224 num
697 1159 810 1224 melius
840 1159 970 1224 evinciri
1001 1161 1118 1242 potest,
1150 1179 1242 1244 quarn
1272 1181 1342 1226 cum
1365 1179 1400 1224 er
1427 1160 1481 1236 iis,
1513 1177 1590 1242 quae
1612 1158 1813 1236 antecedunt,
1842 1159 1910 1222 tum
1934 1177 1969 1222 er
1992 1159 2042 1236 iis,

266 1280 342 1343 quae
364 1262 588 1327 subsecuntur?
617 1263 763 1328 Narravit
785 1263 866 1326 enim
890 1265 982 1328 antea
1006 1265 1145 1348 scriptor,
1172 1267 1296 1350 propter
1314 1263 1502 1347 paucitatem
1529 1261 1782 1328 Caesarianorum
1799 1263 1905 1326 hostes
1925 1263 2043 1346 impetu

266 1363 298 1426 in
321 1363 511 1430 adversarios
540 1366 623 1430 facto
651 1367 813 1432 victoriam
840 1371 1012 1452 reportasse
1043 1371 1134 1452 atque
1163 1369 1306 1434 cedentes
1336 1367 1449 1432 acriter
1476 1367 1655 1449 prosecutos
1677 1384 1754 1430 esse.
1796 1365 1915 1430 Deinde
1939 1367 2043 1430 autam

266 1467 390 1532 uberius
413 1468 449 1532 de
472 1469 597 1551 ,proelio
620 1471 795 1536 commisso‘
823 1473 915 1537 verba
937 1472 1015 1538 lacit
1038 1473 1087 1548 15,
1106 1475 1125 1536 2
1148 1472 1200 1550 id,
1223 1473 1324 1556 quod
1346 1473 1379 1532 iu
1399 1469 1453 1530 lroc
1475 1469 1630 1534 accidit
1648 1467 1773 1553 proelio.
1815 1468 1908 1532 ilum
1930 1467 2043 1552 pedi-

267 1571 329 1634 tes
356 1571 441 1634 levi
471 1575 680 1637 armatura
709 1573 812 1638 lecti
847 1575 889 1635 ael
916 1589 1055 1658 papaque
1085 1575 1232 1659 epitritos
1263 1577 1372 1638 creatris
1401 1571 1647 1658 necopinantibus
1674 1572 1831 1644 venereos,
1861 1571 1984 1655 idque
2012 1573 2045 1632 in

263 1673 380 1759 proelio
412 1675 738 1741 animadversum
770 1680 895 1754 esset,
932 1679 1164 1762 complures
1204 1700 1246 1744 ar
1285 1680 1403 1762 equis
1432 1677 1743 1742 descenderunt
1803 1677 1866 1740 Ita
1899 1676 2044 1759 exiguo

268 1778 452 1860 tempore
475 1796 596 1861 eques
617 1779 813 1862 pedestre
831 1780 982 1865 proelium
997 1781 1102 1866 secere
1131 1785 1278 1867 coepit.
1321 1785 1444 1866 ltaque,
1467 1800 1544 1864 quae
1566 1781 1599 1845 in
1622 1779 1710 1846 libris
1732 1781 1838 1844 extant
1860 1781 2046 1844 aversati

270 1880 364 1943 sunt
390 1879 468 1962 ipsis
490 1882 649 1965 scriptoris
671 1884 773 1948 verbis
796 1887 869 1948 sunt
890 1887 1059 1961 contraria,
1082 1887 1147 1950 sive
1169 1887 1374 1970 Pompeianos
1396 1885 1569 1950 subiectum
1586 1901 1654 1948 esse
1671 1883 1736 1960 vis,
1759 1883 2043 1948 siueCaesarianos.

269 1979 350 2044 Nem
379 2001 477 2066 neque
507 1985 554 2062 hi,
586 2005 683 2069 neque
716 1987 764 2052 illi
793 1988 945 2071 proelium
975 1993 1133 2068 recusant,
1167 1990 1258 2056 alteri
1291 1990 1511 2064 consistentes,
1543 1989 1579 2052 ut
1609 1989 1731 2052 hostem
1754 1987 1922 2070 excipiant,
1956 1987 2046 2051 alteri

271 2086 423 2168 impetum
446 2087 480 2150 in
503 2089 626 2152 hostem
656 2088 821 2168 facientes,
851 2093 886 2156 ut
915 2093 948 2156 in
971 2095 1072 2158 castra
1093 2094 1254 2177 repellant.
1299 2094 1442 2171 Accedit,
1473 2093 1552 2177 quod
1576 2092 1675 2157 ironia
1698 2109 1890 2174 nequaquam
1912 2091 2047 2175 simplici

274 2191 432 2276 scriptoris
452 2197 586 2260 sermoni
602 2199 755 2276 convenit,
777 2217 875 2283 neque
895 2200 1045 2283 alioquin,
1071 2199 1150 2282 quod
1173 2199 1285 2274 sciam,
1308 2200 1388 2283 apud
1411 2199 1591 2281 scriptorem
1613 2196 1745 2260 latinum
1768 2195 1883 2279 legitur
1905 2196 2047 2261 adver-

275 2295 395 2360 sandi
417 2297 542 2362 verbum
566 2299 764 2366 coniunctum
785 2321 857 2366 erun
879 2303 1043 2368 infinitivo.
1087 2302 1222 2385 Elegaus
1245 2304 1294 2367 cst
1315 2302 1428 2366 Kochii
1450 2299 1623 2364 emendatio
1647 2299 1679 2362 et
1700 2299 1799 2375 certa,
1829 2299 1883 2382 qui
1905 2299 2050 2364 adver-

273 2399 359 2462 sati
380 2402 556 2484 corruptum
580 2420 647 2468 esse
669 2403 814 2468 docetes
838 2405 1085 2484 adversarii,
1107 2405 1186 2489 quod
1203 2405 1385 2472 vocabulum
1407 2423 1461 2489 pro
1483 2403 1620 2487 alioquin
1639 2402 1803 2468 usitatiore
1822 2404 1958 2468 hostis
1981 2422 2048 2467 ser·

274 2505 393 2572 centies
415 2508 473 2572 hoc
495 2509 528 2574 in
547 2507 626 2574 libro
646 2511 762 2593 reperit
798 2512 836 2594 ,¹1
880 2510 960 2576 lllud
982 2529 1053 2576 vero
1075 2511 1209 2576 Kraneri
1230 2511 1273 2574 ut
1294 2509 1599 2576 constitissent
1620 2508 1755 2574 mutauit
1777 2508 1810 2572 in
1832 2509 1872 2572 et
1892 2507 2049 2573 consti-

274 2612 449 2690 tissent,
473 2632 533 2696 qua
555 2614 744 2678 correctione
767 2615 798 2678 et
820 2614 1042 2698 grammaticae
1066 2615 1098 2679 et
1120 2615 1293 2680 sententiae
1316 2614 1479 2680 satisfecit.
1518 2613 1559 2678 st
1580 2613 1731 2678 haetenus
1753 2611 1834 2676 haud
1858 2611 1948 2676 dubie
1969 2610 2050 2677 reri·

275 2715 351 2778 tatis
373 2717 493 2798 partem
516 2716 625 2799 attigit
647 2717 795 2782 Kochius.
825 2719 939 2782 'Potum
962 2719 1066 2782 autem
1087 2719 1189 2784 locum
1210 2719 1256 2783 ita
1276 2717 1414 2782 scribens
1437 2718 1476 2780 et
1498 2715 1816 2786 constitissent,
1840 2715 2050 2778 exercitus

275 2815 463 2882 mirabili
485 2819 643 2883 virtute
667 2819 841 2885 clamore
868 2821 980 2886 facto
1004 2821 1240 2886 adversarii
1269 2820 1405 2886 coacti
1435 2821 1529 2884 sunt
1557 2818 1759 2901 proelium
1782 2817 1935 2895 facere,
1957 2819 1993 2881 ut
2013 2816 2050 2880 ad

276 2937 381 2984 serum
410 2921 587 2998 accesserit,
618 2940 678 2987 non
708 2942 834 3006 possum
864 2944 925 2990 nou
947 2925 1065 3014 timere.
1108 2926 1177 2989 lure
1206 2942 1248 2988 err
1278 2925 1412 2990 simili
1437 2925 1598 2989 virtute
1625 2924 1805 2989 elamore
1830 2921 1943 2988 facto
1972 2921 2052 2986 nihil

277 3041 345 3090 esse
367 3023 492 3088 iudicat.
536 3025 609 3102 Sed,
637 3028 673 3090 ut
701 3025 826 3092 silentio
848 3029 1110 3110 praetermittam,
1143 3027 1337 3094 audaciorem
1368 3047 1435 3095 esse
1464 3028 1640 3094 litterarum
1669 3027 1875 3092 mutationem
1902 3027 1934 3090 et
1961 3003 2075 3108 longe⁰

280 3127 448 3192 decessisse
471 3147 541 3192 eum
564 3148 583 3193 a
603 3130 773 3213 perspicuis
802 3131 951 3214 pristinae
977 3132 1038 3198 loci
1066 3132 1183 3197 formae
1205 3131 1343 3208 indiciis,
1377 3151 1438 3196 uon
1461 3131 1680 3196 animadvertit
1709 3130 1864 3208 Kochius,
1894 3129 2053 3213 scriptoris

278 3231 314 3296 B.
336 3233 377 3295 H.
400 3249 481 3308 esse,
504 3233 679 3298 virtutis
701 3235 884 3300 vccabulum
906 3235 1090 3318 coniungere
1113 3255 1182 3300 curn
1213 3236 1364 3302 adieetiro
1397 3235 1573 3300 eximius
1602 3233 1672 3317 [alr.
1695 3233 2053 3315 salamiraque

280 3335 429 3400 eximia
450 3337 609 3400 virtute
639 3337 778 3419 plures
809 3357 894 3402 cum
924 3341 1094 3422 agerent
1117 3341 1149 3406 et
1169 3340 1219 3416 31,
1242 3341 1260 3402 5
1285 3340 1325 3404 at
1347 3337 1418 3402 illi
1441 3338 1563 3422 [Nipp]
1586 3338 1734 3402 eximia
1762 3338 1917 3402 virtute
1938 3354 2054 3419 proe-

281 3437 380 3501 lium
402 3437 566 3522 iacera]
611 3440 685 3505 lnde
705 3439 858 3506 facillima
880 3445 928 3507 est
947 3443 1095 3508 correctio
1118 3445 1150 3508 et
1169 3461 1257 3508 vera:
1281 3463 1334 3526 pro
1358 3460 1400 3506 er
1422 3441 1558 3506 simili
1579 3441 1736 3505 virtute
1758 3441 1875 3506 duobus
1897 3439 2054 3506 uocabulis

283 3539 316 3603 in
339 3559 433 3606 unum
457 3544 624 3610 contractis
644 3544 694 3609 lac
727 3547 843 3610 scribas
876 3547 1023 3611 eximia
1049 3547 1206 3612 virtute
1226 3583 1268 3594 —
1290 3543 1525 3610 adversarii
1549 3580 1593 3592 -
1619 3543 1823 3627 proelium
1845 3544 1997 3621 iecere,
2020 3545 2056 3608 ut

281 3644 374 3709 verba
396 3643 460 3710 fere
483 3647 589 3712 eadem
612 3649 689 3727 sint,
712 3650 805 3733 atque
827 3668 904 3732 quae
927 3650 1071 3733 leguntur
1087 3653 1137 3728 31,
1161 3653 1189 3715 5.
1221 3651 1289 3714 Hoc
1311 3651 1416 3714 autem
1436 3648 1623 3714 adiectiuum
1641 3648 1749 3714 audaci
1769 3648 1901 3732 impetui
1917 3647 2055 3714 hostium

283 3749 459 3826 convenire,
493 3751 561 3834 quis
589 3753 652 3830 est,
682 3753 734 3835 qui
764 3754 879 3836 neget?
910 3754 980 3836 [cfr.
1004 3756 1053 3832 14,
1077 3757 1120 3836 2.]
1175 3755 1279 3820 lttiam
1308 3753 1380 3818 aliis
1401 3751 1478 3816 loeis
1500 3751 1632 3834 scriptor
1660 3752 1770 3818 virtuti
1798 3752 2056 3836 Pompeianorum

283 3849 405 3916 medem
427 3853 552 3930 tribuit,
574 3855 691 3933 efall,
713 3857 947 3922 2aeerrime
969 3861 1192 3940 pugnatum
1215 3860 1287 3922 cst
1333 3859 1386 3934 12,
1409 3857 1428 3918 5
1451 3855 1688 3938 acriterque
1710 3873 1888 3938 pugnare
1914 3873 2056 3940 coepe·

284 3959 386 4022 runt
418 3959 466 4036 13,
489 3959 508 4022 8
530 3961 750 4044 pugnatum
773 3961 835 4024 est
863 3961 1122 4045 aliquamdiu
1142 3959 1517 4026 uehementissime.
1558 3960 1612 4036 19,
1634 3962 1654 4022 2
1677 3978 1745 4042 pro
1767 3977 1877 4022 muro
1899 3976 2056 4042 pugna·

284 4066 378 4128 runt
399 4065 595 4128 acerrime
617 4067 676 4130 etc.
730 4066 837 4150 Neque
856 4067 902 4144 id,
926 4067 1005 4150 quod
1028 4067 1167 4132 Kochius
1187 4067 1257 4150 post
1279 4063 1511 4130 adversarii
1532 4063 1618 4128 addit
1639 4061 1821 4126 vocabulum
1848 4063 1999 4140 coacti,
2023 4064 2058 4127 ut

285 4169 376 4252 plena
404 4170 460 4234 liat
489 4169 658 4246 sententia,
695 4169 805 4252 placet.
856 4172 1051 4254 Recognosce
1081 4171 1179 4245 enim,
1213 4188 1339 4253 quaeso,
1369 4187 1446 4253 quae
1476 4166 1684 4251 superioribus
1716 4165 1855 4230 versibus
1884 4165 2058 4248 exposuerit

287 4272 425 4355 scriptor.
467 4273 583 4338 Hostes
605 4273 626 4336 i.
648 4291 673 4337 e.
695 4273 877 4356 Pompeiani
907 4275 1031 4358 propter
1061 4276 1250 4358 paucitatem
1279 4277 1488 4340 Romanorum
1517 4273 1549 4336 et
1577 4270 1740 4336 victoriam
1769 4270 1998 4354 reportaverant
2027 4271 2059 4332 et

287 4375 430 4440 cedentes
453 4375 652 4442 Caesarianos
674 4377 831 4442 subsecuti
853 4379 957 4452 crant3
988 4397 1154 4460 quaecum
1177 4379 1223 4443 ita
1246 4377 1324 4456 sint,
1348 4397 1422 4442 num
1446 4377 1595 4459 scriptum
1622 4392 1689 4440 esse
1708 4373 1825 4456 potuit,
1854 4373 2058 4456 Pompeianos

288 4479 410 4542 coactos
432 4496 498 4542 esse
526 4479 677 4562 proelium
707 4479 832 4546 faceres
862 4483 926 4565 Ipsi
953 4481 1069 4565 proelio
1100 4480 1282 4546 contendere
1311 4481 1484 4546 studebant
1527 4479 1599 4544 ldec
1621 4495 1800 4562 persuasum
1823 4477 1933 4554 habeo,
1964 4477 2060 4540 suut

444 4739 471 4806 r)
490 4739 643 4807 negitare,
662 4743 686 4795 o.
723 4742 792 4808 aa.
828 4741 896 4806 aa.
931 4741 1000 4806 aa.
1036 4743 1104 4806 ar.
1142 4739 1226 4806 rar.
1265 4741 1305 4807 11,
1323 4743 1346 4798 a.
1383 4741 1425 4805 re,
1446 4741 1469 4794 a.
1510 4738 1705 4804 rassae.
1738 4740 1820 4802 ras.
1861 4735 1944 4800 ras.
1973 4733 2059 4797 aaa.

289 4831 333 4895 ec,
351 4827 376 4882 4.
411 4830 454 4893 21,
475 4829 496 4882 1.
532 4827 618 4892 aas
653 4828 820 4896 escam.
857 4829 899 4894 25,
916 4833 940 4886 a.
976 4828 1061 4896 aas.
1097 4827 1183 4894 aas
1218 4827 1305 4893 aas.
1340 4829 1426 4894 aaa.
1462 4829 1505 4892 aa,
1526 4826 1550 4882 a.
1586 4827 1629 4892 ao,
1648 4825 1673 4880 4.
1708 4828 1751 4892 ar,
1773 4827 1796 4890 1,
1814 4819 1958 4890 a,4(bis)
1975 4819 1999 4886 ⁷,
2020 4821 2059 4873 10-

291 4922 333 4988 32,
352 4921 376 4973 2.
411 4920 454 4984 38,
473 4915 497 4970 5.
533 4915 575 4980 38,
596 4915 621 4967 6.
656 4913 752 4972 Rarius
770 4917 1014 4974 eccumithostis
1035 4922 1058 4985 1,
1076 4917 1101 4973 5.
1140 4915 1179 4982 17,
1197 4917 1221 4970 2.
1258 4917 1302 4982 31,
1321 4916 1347 4980 ⁸2,
1366 4911 1391 4970 4.
1427 4913 1597 4982 sautia).
1631 4911 1716 4977 41,3.
