4562 5778
816 1646 1397 1759 Furunculus.
1524 1691 1526 1694 ·

376 1969 439 2090 De
461 2045 600 2092 sermone
621 2027 732 2092 incerti
751 2026 909 2111 scriptoris
931 2028 1006 2092 belli
1029 2027 1245 2115 Hispaniensis
1268 2028 1452 2110 quantopere
1472 2027 1553 2090 inter
1574 2044 1607 2090 se
1628 2025 1803 2109 discrepent
1822 2029 1993 2092 sententiae

162 2235 166 2244 .
222 2151 358 2215 virorum
374 2151 407 2214 in
429 2151 552 2234 linguae
568 2151 682 2216 latinae
705 2149 835 2216 scientia
856 2149 1095 2233 praeclarorum,
1118 2151 1221 2216 neseio
1237 2170 1277 2215 an
1299 2150 1462 2215 dilucidius
1484 2151 1644 2232 appareat,
1667 2167 1759 2231 qnam
1774 2148 1897 2214 collatis
1913 2149 1994 2212 inter

224 2291 257 2336 se
279 2272 416 2350 iudiciis,
438 2291 515 2357 quae
536 2275 596 2339 Ios.
618 2273 755 2357 Scaliger
777 2275 809 2338 et
830 2274 1006 2358 Madvigius
1027 2273 1064 2338 de
1088 2292 1122 2339 eo
1145 2274 1292 2338 lecerunt.
1336 2273 1460 2338 Etenim
1487 2291 1557 2336 oum
1580 2271 1634 2335 illa
1660 2271 1692 2334 in
1713 2269 1939 2354 prolegomenis
1962 2269 1993 2334 in

223 2397 347 2462 Manilii
377 2398 582 2463 astronomica
607 2399 684 2462 haec
713 2397 904 2480 scripsisset:
948 2396 1060 2474 ,Idem
1091 2395 1205 2461 dicas
1238 2396 1281 2461 de
1314 2396 1447 2462 Livio:
1488 2395 1602 2459 cuius
1635 2393 1766 2458 dictio
1799 2391 1993 2466 ornatior,

224 2539 338 2604 quam
360 2520 542 2585 latinior
561 2520 631 2585 llli
652 2521 800 2586 critico
821 2520 1047 2598 videbatur,
1069 2522 1136 2603 qui
1160 2519 1488 2585 Patavinitatem
1509 2519 1549 2582 in
1571 2536 1614 2582 eo
1636 2511 1995 2581 animadvertebat

224 2645 263 2706 et
284 2642 444 2725 quidem
467 2641 649 2706 fortasse
671 2644 840 2720 iustius,
863 2661 977 2726 quam
999 2644 1085 2721 illl,
1108 2645 1176 2727 qui
1198 2643 1390 2720 militem,
1413 2643 1479 2724 qui
1501 2642 1678 2724 scripsit
1698 2641 1869 2705 diarium
1892 2638 1995 2704 belli

224 2765 463 2847 Hispanioi,
495 2766 712 2829 barbarum
744 2768 907 2844 vocant,
941 2785 1026 2830 cum
1053 2769 1187 2831 tamen
1221 2786 1263 2830 eo
1291 2767 1448 2849 scripto
1480 2766 1589 2830 nihil
1621 2765 1800 2829 latinius
1831 2763 1995 2844 concipi

224 2887 368 2970 possit.
413 2886 486 2952 Sed
516 2889 681 2952 horride
703 2889 816 2971 loqui
838 2889 965 2954 ullum
988 2891 1180 2967 militem,
1203 2909 1316 2974 quem
1338 2890 1548 2955 horridum
1569 2890 1717 2954 vocant
1737 2889 1897 2971 poetae,
1919 2905 1994 2950 non

224 3011 303 3074 tam
331 3010 476 3073 mirum
506 3009 642 3074 rideri
671 3011 803 3089 debet,
833 3031 945 3095 qnam
974 3016 1130 3098 putare,
1159 3014 1249 3078 ideo
1277 3014 1446 3078 barbare
1475 3012 1601 3096 loqui,
1631 3010 1733 3093 quod
1759 3008 1994 3084 incondite‘,

223 3132 275 3196 hic
293 3132 326 3195 in
343 3131 409 3197 adr.
423 3132 489 3196 crit
505 3133 544 3210 Π,
566 3133 628 3198 289
650 3133 696 3198 its
717 3133 850 3198 iudicat:
874 3135 995 3213 ,Belli
1017 3135 1309 3219 Hispaniensis
1331 3137 1478 3203 librum
1500 3138 1546 3202 ab
1568 3136 1707 3201 infimi
1729 3136 1813 3201 loci
1834 3135 1994 3199 homine

223 3259 263 3320 et
289 3256 396 3321 nihil
419 3257 463 3322 de
483 3257 600 3322 rebus
621 3258 755 3340 gestis
778 3259 863 3323 nisi
883 3259 1111 3342 particulas
1134 3260 1325 3342 quasdam
1353 3263 1522 3325 tenente
1545 3261 1741 3344 scriptum
1764 3258 1935 3324 confuse
1955 3257 1995 3320 et

224 3397 407 3444 sermone
435 3379 623 3462 usquead
645 3381 873 3446 barbariem
895 3382 1075 3460 rustico,
1104 3384 1185 3446 tum
1212 3382 1446 3447 alibrariis
1476 3383 1536 3448 ita
1566 3380 1879 3447 incredibiliter
1908 3398 1994 3442 cor-

224 3502 402 3582 ruptn'm,
424 3504 468 3564 ut
489 3502 597 3566 nihil
619 3501 706 3567 lere
729 3504 766 3567 in
790 3505 978 3586 antiquis
1000 3503 1166 3570 litteris
1188 3506 1329 3572 simile
1352 3508 1425 3585 sit,
1448 3507 1717 3590 paucissimis
1739 3507 1886 3588 attigi,
1911 3525 1994 3570 cum

225 3640 352 3704 neque
382 3624 562 3707 dignum,
591 3626 725 3708 inquo
755 3627 912 3710 tempus
942 3627 1133 3728 ter-erem,
1163 3629 1389 3696 iudicarem
1412 3649 1541 3713 neque
1562 3630 1733 3694 multum
1754 3647 1812 3693 me
1832 3627 1994 3712 prolae-

224 3745 357 3809 turum
388 3753 609 3828 sperarem!
654 3747 752 3826 Quem
781 3747 861 3813 alter
882 3749 1004 3816 barbari
1034 3769 1100 3816 esse
1123 3771 1296 3819 sermonem
1316 3773 1440 3838 prorsus
1460 3754 1567 3838 negat,
1598 3753 1676 3817 alter
1698 3750 1763 3816 fere
1784 3750 1905 3816 barbari
1927 3767 1994 3814 esse
2068 3749 2072 3758 '

225 3867 352 3932 obtinet
394 3866 439 3931 At
460 3867 585 3932 etiamsi
606 3869 779 3954 quicunque
799 3872 849 3937 rel
867 3873 966 3938 obiter
987 3875 1110 3940 tantum
1132 3876 1213 3940 hunc
1235 3876 1349 3942 librum
1364 3877 1511 3960 perlegit,
1534 3895 1595 3942 non
1617 3876 1721 3960 potest
1737 3893 1798 3939 non
1820 3872 1993 3949 concedere,

225 4009 295 4054 eum
317 4007 384 4054 esse
408 3991 612 4074 compositum
634 3993 671 4058 ab
694 3995 818 4060 homine
840 4015 901 4062 non
924 3998 1024 4064 solum
1051 3997 1084 4061 in
1107 3997 1282 4074 scribendo,
1313 3996 1366 4061 sed
1389 3997 1484 4062 etiam
1507 3996 1539 4060 in
1562 3993 1724 4078 cogitando
1752 3994 1852 4058 tirone
1875 3993 1907 4055 et
1929 4009 1993 4056 ser-

223 4113 325 4202 monis
354 4112 525 4196 elegantiae
554 4115 644 4198 plane
676 4118 808 4201 experti,
837 4120 943 4184 tamen
970 4139 1030 4186 non
1061 4119 1135 4185 cedo
1166 4119 1371 4203 argumentis,
1401 4120 1511 4202 quibus
1533 4118 1709 4201 Madvigius
1736 4116 1823 4180 nisus
1852 4134 1922 4180 eum
1944 4115 1993 4180 vir

224 4235 353 4320 dignum
375 4236 505 4316 iudicat,
536 4238 590 4321 qul
618 4241 791 4306 accuratius
820 4242 971 4308 tractetur
1001 4243 1033 4307 et
1060 4243 1126 4307 arte
1154 4241 1263 4306 critica
1285 4240 1424 4305 adhibita
1444 4241 1477 4304 in
1498 4239 1665 4323 pristinum
1689 4240 1806 4304 statum
1827 4240 1994 4304 revocetur.

224 4355 349 4422 Etenim
381 4359 463 4423 tanti
493 4379 564 4425 mea
594 4361 745 4428 interesse
772 4363 918 4431 confiteor
946 4383 1143 4450 cognoscere,
1177 4365 1287 4448 quibus
1315 4365 1475 4430 verborum
1507 4361 1616 4428 formis
1646 4362 1678 4425 et
1706 4361 1994 4436 constructionibus,

224 4483 334 4566 quihus
355 4459 577 4564 locutionibus,
607 4487 717 4570 quibua
745 4489 945 4554 continuandi
974 4491 1126 4557 sermonis
1151 4489 1289 4566 auxiliis,
1323 4488 1433 4572 quihus
1463 4485 1593 4568 denique
1622 4483 1768 4568 loquendi
1794 4483 1994 4548 facultatibus

224 4623 298 4669 usus
326 4605 369 4669 sit
389 4606 480 4670 horno
503 4605 610 4673 intimo
633 4609 700 4675 loco
729 4612 835 4690 natus,
868 4614 976 4696 quanti
1005 4614 1197 4697 intedigera
1225 4609 1482 4695 quemadmodum
1503 4627 1632 4693 magnas
1664 4627 1713 4673 res
1735 4610 1854 4692 gestas,
1884 4608 1994 4692 quibus

224 4730 290 4812 ipse
313 4729 462 4794 intererat
484 4731 516 4794 et
537 4749 612 4813 quas
634 4750 713 4798 unus
733 4752 768 4797 ox
792 4735 991 4819 scriptoribus
1015 4736 1138 4800 Latinis
1160 4734 1314 4818 copiosius
1336 4733 1504 4810 enarravit,
1532 4732 1635 4796 annuo
1658 4731 1826 4815 exceperit,
1856 4748 1994 4814 compro·

225 4854 380 4932 henderit,
402 4855 579 4921 reddiderit
616 4857 675 4923 Sed
698 4860 734 4922 ut
754 4860 813 4924 hoc
835 4860 968 4924 altemm
990 4859 1121 4924 missum
1144 4859 1273 4934 faciam,
1296 4856 1366 4921 nolo
1389 4854 1514 4920 silentio
1536 4854 1702 4938 praeterire
1724 4853 1902 4938 Nipperdeii
1924 4872 1994 4918 sen-

223 4977 369 5056 tentiam,
400 4997 491 5062 quam
512 4981 563 5046 Pr.
582 4982 622 5046 25
642 4981 692 5046 his
714 4981 815 5047 verbis
843 4980 954 5046 refert:
989 4981 1064 5046 Sed
1094 4985 1137 5046 ut
1164 4983 1209 5048 ad
1236 4981 1393 5046 bellum
1420 4979 1700 5062 Hispaniense
1730 4979 1994 5052 revertamur,

1815 5105 1826 5154 r
