4562 5778
1938 407 1993 472 19·

198 587 397 651 sumaque.
441 569 605 630 Praeterea
635 566 784 631 circum
815 567 994 633 adverbium
1025 569 1140 654 legitur
1167 569 1200 633 in
1229 572 1287 634 hcc
1311 571 1389 635 libro
1412 572 1511 647 38‚6
1543 573 1695 636 circum
1724 573 1979 639 munitiones

197 677 292 759 iugo
320 675 519 756 dirigunt.

351 817 506 892 XXIX,1
539 817 611 879 ante
640 813 861 896 Nipperdeium
895 812 971 873 baec
1004 811 1189 876 edebantur:
1239 814 1454 879 Planicies
1487 819 1599 882 inter
1632 822 1805 904 utraque
1839 824 1978 886 castra

197 921 486 986 intercedebat
510 919 686 984 circiter
708 916 827 980 milia
851 934 1041 999 passuum
1066 914 1101 992 V,
1136 917 1178 979 ut
1199 918 1358 982 auxilia
1386 921 1571 1003 Pompeii
1599 923 1751 986 duabus
1780 924 1977 989 deiende-

196 1027 336 1090 rentur
366 1024 502 1099 rebus,
535 1021 676 1105 oppidi
706 1020 859 1084 excelsi
891 1021 930 1084 et
957 1019 1039 1083 loci
1072 1018 1222 1084 natura.
1276 1021 1479 1106 Nipperdeius
1510 1025 1573 1090 levi
1604 1029 1841 1112 transpositione
1873 1052 1975 1098 veram

196 1130 380 1213 scripturam
401 1129 609 1212 proximorum
632 1125 794 1188 verborum
815 1123 969 1198 restituit3
1000 1124 1126 1207 scripsit
1147 1125 1292 1206 oppido
1316 1127 1354 1190 et
1376 1129 1533 1193 excelsi
1556 1131 1635 1197 loci
1663 1135 1827 1212 natura,
1857 1139 1975 1220 quade

194 1251 227 1296 re
246 1233 363 1300 clnPr.
376 1233 447 1296 242.
481 1230 589 1312 Pergit
612 1229 731 1304 autem,
754 1228 844 1312 plane
866 1246 1007 1312 perverse
1029 1227 1190 1292 auxilia
1212 1231 1353 1313 Pompeii
1376 1231 1425 1294 his
1449 1232 1566 1298 duabus
1586 1237 1677 1300 rebus
1699 1238 1825 1302 defensa
1847 1241 1923 1318 diei,
1945 1243 1975 1306 id

195 1339 274 1420 quod
298 1338 358 1402 toti
389 1337 467 1400 acici
491 1333 747 1418 Pompeianorum
774 1333 943 1415 contigisse
964 1334 1118 1415 appareat.
1161 1334 1270 1416 Itaque
1298 1336 1358 1398 sibi
1387 1355 1446 1400 non
1475 1357 1542 1401 esse
1573 1339 1714 1417 dubium,
1744 1345 1817 1425 quin
1846 1347 1977 1427 scriptor

194 1441 409 1527 praesidia
437 1439 579 1522 Pompeii
601 1437 753 1520 posuerit,
784 1436 1041 1520 quemadmodum
1065 1439 1121 1512 30,
1147 1437 1161 1498 l
1187 1437 1287 1500 aciem
1316 1437 1457 1503 Caesaris
1487 1444 1629 1506 nostra
1655 1447 1815 1528 praesidia
1838 1451 1975 1532 appella-

195 1545 292 1617 verit;
319 1543 504 1627 magistrum
528 1543 631 1605 autem
651 1561 705 1624 pro
729 1561 785 1605 sua
806 1540 1028 1605 consuetudine
1051 1540 1232 1624 ,praesidiis‘
1255 1543 1438 1608 vocabulum
1462 1546 1567 1610 allicis
1589 1549 1843 1629 significationis,
1867 1554 1919 1617 sed
1942 1556 1974 1618 in

193 1651 252 1714 hac
271 1668 303 1712 rc
325 1649 462 1731 ineptum
485 1647 694 1711 substituisse.
738 1647 918 1710 Assentitur
940 1645 1069 1721 Kraner,
1103 1646 1155 1728 qui
1176 1647 1391 1728 praesidia
1413 1649 1444 1711 in
1468 1650 1602 1728 tentum,
1627 1673 1717 1736 quern
1739 1659 1864 1732 vocant,
1894 1659 1974 1722 reci-

193 1771 264 1838 pere
285 1771 346 1816 uon
374 1751 535 1815 dubitavit.
586 1749 736 1814 Attamen
766 1749 915 1814 erravisse
939 1747 1098 1824 videutm‘3
1129 1768 1201 1813 nam
1226 1749 1301 1814 licet
1329 1751 1538 1835 compluribus
1569 1755 1640 1818 aliis
1663 1757 1740 1821 locis
1762 1760 1894 1842 scriptor
1916 1763 1974 1824 hoc

193 1855 339 1920 vocabulo
369 1858 415 1920 ita
443 1857 558 1931 utatur,
589 1857 624 1919 ut
648 1855 730 1918 idem
761 1855 817 1930 sit,
847 1855 939 1936 atque
968 1853 1114 1936 copiae*
1139 1854 1383 1932 auxiliares,
1417 1858 1535 1940 quade
1563 1878 1595 1922 re
1616 1860 1722 1924 confer·
1747 1863 1773 1938 1,
1796 1865 1825 1925 3.
1870 1864 1920 1940 30,
1944 1867 1973 1939 b',

192 1961 313 2036 tamen,
346 1961 408 2024 nisi
435 1959 536 2037 fallor,
559 1959 676 2023 duobus
699 1958 776 2023 locis
799 1959 892 2022 huius
919 1958 991 2022 libri
1021 1959 1181 2023 avrvilia
1208 1959 1287 2022 nibil
1309 1961 1392 2024 aliud
1416 1962 1607 2044 significant,
1638 1983 1730 2046 quam
1757 1967 1902 2048 copiae
1923 1967 1973 2030 vel

191 2081 338 2127 manus.
381 2063 509 2128 Duobus
532 2063 615 2126 certe
637 2063 715 2128 locis
744 2064 820 2127 haec
850 2061 1018 2146 singularis
1045 2063 1234 2146 significatio
1258 2063 1356 2138 extat,
1388 2063 1584 2148 legisses
1614 2069 1805 2132 exclusus
1833 2071 1894 2152 [sic
1916 2090 1972 2153 ego

191 2187 245 2251 pro
277 2167 462 2250 exclusa]
490 2167 720 2230 munitione
747 2166 995 2249 amissisque
1018 2164 1142 2227 acatis
1163 2165 1207 2230 ad
1240 2167 1469 2232 convallem
1499 2188 1742 2255 caesumque
1769 2173 1901 2238 locum
1932 2177 1971 2238 in

192 2271 428 2354 speluncam
448 2271 667 2352 Pompeius
689 2289 731 2334 se
751 2271 962 2335 occultare
985 2271 1131 2352 coepit.
1175 2269 1380 2348 ‚Auxiliia‘
1402 2273 1506 2336 autern
1524 2275 1660 2356 pertinet
1676 2276 1714 2338 ad
1731 2295 1871 2352 manum,
1894 2297 1971 2360 quae

192 2375 330 2458 sequitur
352 2375 516 2458 profugum
544 2375 742 2458 Pompeium,
773 2373 863 2438 initio
886 2393 911 2437 c.
935 2373 976 2436 38
1005 2374 1055 2436 bis
1087 2374 1187 2438 verbis
1217 2375 1426 2458 significatam
1460 2377 1679 2460 Pompeius
1711 2399 1796 2444 oum
1826 2381 1971 2462 paucis

189 2479 396 2562 profugit;
426 2479 577 2544 amissum
599 2479 704 2542 antem
723 2479 781 2542 hoc
802 2477 993 2561 praesidium
1016 2479 1118 2542 estin
1142 2477 1233 2542 caede
1255 2498 1374 2562 paragr.
1394 2481 1413 2542 2
1436 2500 1461 2544 c.
1484 2481 1525 2544 39
1553 2483 1794 2545 commemorata
1823 2481 1970 2546 caedes

190 2583 384 2648 anostris
412 2582 591 2666 undique
619 2582 943 2646 administratur
962 2583 994 2645 et
1014 2583 1072 2658 42,
1095 2585 1115 2646 6
1137 2583 1333 2646 Privatus
1355 2602 1398 2646 ax
1425 2583 1522 2666 luga
1545 2583 1606 2647 Cn.
1628 2585 1845 2667 Pompeius
1874 2585 1969 2648 adu-

189 2687 351 2752 lescens
374 2705 392 2749 a
414 2686 530 2750 nobis
552 2686 745 2768 receptus
768 2686 904 2750 fasces
928 2689 968 2750 et
989 2686 1206 2768 imperium
1228 2685 1312 2750 sibi
1334 2687 1531 2770 arripuit,
1555 2689 1700 2752 multis
1722 2689 1969 2754 interfectis

190 2791 353 2854 civibus
386 2790 505 2850 enadda
535 2791 679 2854 contre
707 2789 898 2873 populum
933 2791 1149 2854 Romanum
1186 2791 1441 2873 conparavit,
1482 2791 1534 2856 ubi
1564 2793 1722 2858 auxilia
1751 2813 1804 2878 pro
1838 2796 1969 2878 copiis

190 2897 373 2960 sumendum
397 2915 464 2960 esse
494 2897 622 2979 apparet
650 2915 685 2960 er
709 2916 734 2960 c.
759 2897 785 2960 l.
836 2895 896 2960 Sed
923 2897 1042 2972 nescio,
1072 2913 1111 2958 an
1141 2893 1247 2958 eadem
1279 2893 1506 2976 significatione
1533 2897 1590 2960 boc
1619 2897 1801 2962 vccabulum
1831 2898 1968 2980 positum

189 3001 286 3076 sitin
309 3000 370 3065 line
392 3003 457 3064 c.l
491 2999 696 3064 civitates
728 2999 966 3063 contrariae
1000 2999 1193 3082 Pompeio
1227 2997 1345 3059 accida
1379 2999 1439 3062 sibi
1470 2998 1803 3082 depostulabant.
1857 3000 1968 3066 Confer

187 3107 347 3190 praeterea
369 3105 455 3169 Caes.
478 3105 513 3168 B.
534 3104 625 3180 03,
659 3105 719 3168 loo·
758 3103 832 3169 Sed
863 3102 1011 3167 Caesar
1040 3103 1228 3167 confisus
1257 3103 1364 3166 lama
1393 3123 1521 3167 rerum
1552 3105 1759 3186 gestarum
1782 3105 1967 3170 infirmis

188 3209 313 3271 curaliis
343 3209 567 3293 proficisci
599 3229 675 3273 non
711 3207 986 3274 dubitaverat.
1040 3206 1149 3271 lustin.
1173 3207 1205 3282 1,
1234 3209 1254 3269 6
1287 3206 1490 3289 Astyages
1523 3209 1757 3272 contractis
1789 3209 1967 3292 undique

187 3311 310 3374 arcadis
330 3314 474 3396 ipsein
495 3316 642 3378 Persas
662 3313 970 3397 proficiscitur.
1006 3309 1087 3374 Flor.
1102 3311 1131 3387 2,
1153 3311 1172 3374 8
1193 3311 1269 3374 Hic
1291 3328 1372 3386 rer,
1395 3309 1646 3375 incredibile
1669 3311 1799 3388 dictu,
1823 3313 1966 3395 quibus

188 3414 321 3488 cambia,
345 3417 494 3499 quibus
526 3418 658 3501 copiis
687 3416 941 3482 consederat

339 3577 496 3654 XXIX,5
527 3577 670 3643 Nostri
699 3579 866 3656 laetari,
896 3577 1084 3643 nonnulli
1114 3579 1239 3642 etiarn
1268 3581 1427 3657 timere,
1449 3581 1550 3663 qnod
1573 3581 1612 3644 in
1636 3599 1722 3644 curn
1750 3581 1879 3644 locum
1901 3599 1965 3643 res

187 3679 459 3762 fortunaeque
481 3682 654 3746 omnium
677 3681 984 3758 deducerentur,
1008 3685 1049 3746 ut
1070 3681 1267 3767 quidquid
1289 3685 1382 3767 post
1404 3685 1539 3748 horam
1560 3704 1679 3748 casus
1697 3685 1756 3766 (sic
1775 3705 1809 3758 a;
1832 3704 1849 3747 c
1871 3685 1966 3750 habet

186 3801 348 3860 causas,
371 3783 390 3847 b
414 3787 543 3868 curas)
566 3786 806 3861 tribuisset,
835 3787 874 3849 in
897 3787 1018 3851 dubio
1040 3789 1271 3869 poneretur.
1315 3787 1459 3852 Absurde
1479 3787 1597 3852 dictum
1629 3789 1678 3851 est
1705 3789 1799 3870 post
1828 3789 1963 3852 horam

187 3888 343 3952 sententia
363 3907 488 3971 prorsus
510 3907 642 3954 cassum.
694 3890 756 3954 Diu
778 3889 986 3966 haesitabam,
1009 3890 1081 3972 quid
1109 3891 1189 3953 mihi
1212 3892 1295 3954 esset
1317 3892 1530 3966 scribendunr;
1562 3891 1669 3974 opinor
1693 3892 1843 3974 scriptum
1866 3891 1964 3955 fuisse

185 3995 277 4075 post
305 3992 447 4056 labores.
492 3995 662 4077 Postquam
689 3995 773 4058 enim
795 3994 973 4060 Caesariani
1001 3996 1201 4080 paratiquod
1224 3997 1346 4078 tempus
1378 3996 1410 4059 in
1433 3995 1587 4078 Hispania
1608 3995 1741 4078 ancipiti
1762 3995 1864 4058 Marte
1885 4012 1963 4076 pug-

186 4099 337 4162 naverunt
353 4097 407 4182 [ei.
424 4117 488 4181 cap.
506 4100 573 4180 23],
588 4099 796 4182 compluribus
817 4097 945 4180 proeliis
966 4099 1131 4162 victoriam
1154 4100 1192 4163 ab
1215 4099 1356 4163 hostibus
1378 4101 1610 4182 reportaverant
1632 4100 1733 4180 [capp.
1748 4099 1799 4173 24,
1822 4099 1873 4173 25,
1896 4097 1962 4176 26].

186 4201 263 4264 Post
282 4202 383 4266 varios
405 4219 495 4266 casus
518 4203 550 4266 in
571 4221 680 4286 campo
702 4202 867 4266 Mundensi
888 4202 971 4266 acies
995 4203 1165 4266 instructae
1188 4203 1275 4280 sunt,
1299 4203 1352 4266 sed
1375 4203 1435 4278 ita,
1456 4204 1492 4266 ut
1513 4203 1655 4286 Pompeii
1677 4201 1856 4266 secundiore
1881 4202 1963 4263 esset

186 4303 253 4368 loco
276 4307 400 4387 [cf.29‚
424 4309 439 4371 l
463 4309 507 4373 ut
535 4309 696 4373 auxilia
729 4309 916 4392 Pompeii
948 4307 1099 4370 duobus
1132 4305 1455 4370 defenderentur
1484 4307 1618 4382 rebus,
1651 4305 1797 4388 oppido
1829 4307 1868 4368 et
1897 4323 1962 4368 ex·

185 4409 291 4474 celsi
313 4411 394 4475 loci
414 4415 577 4490 natura,
600 4415 632 4478 et
650 4413 803 4478 ibidcm2
825 4413 952 4491 rivus,
976 4412 1043 4496 qui
1066 4411 1112 4475 ad
1134 4429 1269 4474 eorum
1292 4427 1503 4473 accessum
1525 4427 1716 4472 summam
1738 4408 1962 4472 efficiebat

183 4513 267 4578 loci
297 4513 575 4597 iniquitatem.
616 4519 670 4595 29,
695 4517 714 4582 8
747 4517 979 4582 adversarii
1010 4515 1273 4599 patrocinari
1295 4512 1384 4576 lucc
1407 4513 1548 4594 iniquo
1573 4513 1630 4593 [sc.
1653 4511 1861 4594 Caesarianis]
1885 4531 1961 4577 non

184 4617 387 4682 desinunt.
430 4618 619 4698 Accedebat,
647 4625 683 4686 ut
704 4623 810 4688 hostes
832 4639 959 4686 numero
982 4621 1087 4685 esseut
1109 4619 1294 4704 superiores,
1325 4617 1407 4699 quod
1430 4617 1557 4698 apparet
1579 4635 1615 4679 ex
1637 4615 1730 4680 initio
1752 4635 1777 4680 c.
1800 4620 1850 4682 30.
1894 4616 1960 4695 Quo

183 4719 301 4786 iactum
328 4723 390 4798 est,
416 4723 452 4786 ut
472 4741 543 4806 pars
569 4725 708 4790 militum
734 4729 911 4792 vererentur
941 4726 999 4791 tali
1028 4725 1205 4791 conditione
1235 4741 1386 4808 pugnare;
1421 4741 1494 4786 narn
1516 4721 1668 4786 facillime
1689 4721 1757 4785 fieri
1778 4721 1895 4804 potuit,
1925 4722 1961 4782 ut

184 4825 329 4908 quidquid
351 4827 505 4892 commodi
536 4829 682 4893 extremis
714 4831 826 4914 pugnis
855 4831 971 4896 multos
1001 4831 1121 4894 labores
1152 4827 1237 4912 passi
1270 4827 1375 4890 essent
1405 4825 1577 4900 consecuti,
1610 4843 1671 4888 una
1702 4824 1829 4888 adversa
1858 4841 1960 4906 pugna

183 4927 371 4992 amitterent.
414 4931 456 4994 nt
476 4931 560 4995 recte
582 4931 735 4997 iudicasse
757 4935 837 4998 banc
856 4934 994 5000 militurn
1016 4933 1137 5016 partem
1159 4931 1225 5014 ipse
1253 4931 1384 5012 scriptor
1410 4929 1500 4992 initio
1523 4929 1561 4993 31
1584 4929 1634 4994 his
1657 4929 1835 5012 comprobat
1856 4928 1959 4990 verbis

183 5031 223 5098 et
244 5033 457 5100 vehemens
488 5035 622 5104 fiebat
650 5039 695 5104 ab
726 5037 913 5124 utrisque
942 5039 1094 5104 clamor
1123 5035 1380 5119 telorumque
1409 5033 1538 5098 missu
1568 5051 1805 5108 concursus,
1837 5033 1896 5096 sic
1918 5033 1960 5096 ut

1769 5171 1806 5228 3.
