4562 5778
1944 340 1985 420 tt

201 519 363 605 codd.]et
396 511 612 606 equitatus
642 517 688 584 ad
719 519 1048 604 persequendum
1078 511 1277 584 celeriter
1308 520 1391 586 iter
1428 515 1654 587 faciebant.
1707 522 1912 606 Nipperdsius
1946 528 1987 589 et

175 628 420 711 ‚equitatus
442 627 539 690 uncis'
554 626 683 690 seclusit
703 643 748 700 eo,
779 625 841 688 nisi
863 623 965 698 fallor,
995 623 1140 698 consilio,
1167 625 1203 687 ut
1231 627 1372 707 opposita
1399 627 1504 690 essent
1525 626 1608 689 inter
1630 644 1664 689 se
1686 626 1774 690 Didii
1796 627 1856 690 iter
1877 629 1986 693 navale

201 735 234 797 et
254 732 396 816 pedestre
417 732 478 796 iter
499 731 664 814 copiarum.
708 731 825 794 Verum
847 729 952 808 timeo,
975 747 1014 792 ue
1036 729 1119 792 ultra
1141 728 1283 793 veritatis
1304 727 1381 791 fines
1406 745 1547 810 egressus
1570 727 1625 792 illa
1640 729 1733 792 verba
1755 730 1889 807 eliserit,
1912 751 1984 796 nam

203 837 236 900 in
259 837 313 914 iis,
337 853 414 918 quae
436 835 648 910 subsecuntur,
679 834 728 898 bis
753 832 790 896 fit
811 832 929 896 mentio
959 832 1141 915 equitum
1170 815 1210 896 el
1239 831 1471 897 cohortium
1504 833 1542 895 ad
1565 833 1780 897 insectandum
1802 835 1985 918 Pompeium

203 940 327 1004 aDidio
343 939 508 1003 missarum
524 940 575 1014 38,
598 940 612 1002 l
638 938 805 1021 equites
827 938 866 1000 et
887 936 1095 1012 cohortes,
1119 954 1219 1018 quae
1241 935 1286 998 ad
1308 935 1631 1018 persequendum
1652 937 1804 1002 missae
1827 941 1986 1016 essent,

203 1046 235 1108 et
256 1043 328 1108 ibid.
351 1043 371 1106 3
394 1041 594 1106 celeriter
624 1041 817 1124 equitatu
847 1039 1175 1122 cohortibusque
1204 1038 1560 1103 circumcluditur.
1610 1040 1681 1104 Ideo
1711 1043 1907 1106 scribendum
1938 1045 1987 1107 est

202 1148 353 1231 partim
371 1145 488 1230 pedites
511 1147 550 1209 et
573 1145 788 1227 equitatus
810 1144 867 1206 etc.
911 1142 1032 1206 Deinde
1054 1161 1125 1206 vero
1147 1143 1199 1206 hic
1217 1161 1342 1226 prorsus
1366 1143 1535 1208 insolenter
1558 1144 1673 1208 dicitur
1700 1147 1917 1228 equitatus
1940 1148 1985 1212 ad

202 1251 526 1335 persequendum
555 1249 758 1314 celeriter
785 1249 867 1312 iter
897 1245 1111 1311 faciebant
1137 1247 1222 1311 nullo
1245 1246 1283 1310 ad
1310 1247 1493 1328 gerundium
1517 1249 1681 1314 accedente
1704 1251 1804 1315 verbo.
1848 1253 1986 1340 Apparet

201 1357 306 1422 autern
329 1355 434 1420 eloco
453 1354 544 1437 paulo
567 1352 713 1418 inferiore
734 1353 798 1417 iam
820 1351 1100 1434 supramemorato
1121 1353 1177 1428 38,
1202 1351 1217 1414 1
1243 1349 1450 1426 cohortes,
1474 1369 1571 1433 quse
1594 1351 1640 1416 ad
1662 1357 1985 1436 persequendum

201 1460 352 1524 missae
376 1460 531 1534 essent,
555 1455 947 1540 scriptumiuissepedites
967 1455 1006 1518 et
1029 1456 1243 1538 equitatus
1266 1454 1312 1518 ad
1333 1455 1658 1538 persequendum
1679 1458 1764 1518 misc
1785 1459 1986 1525 celeriter

201 1565 288 1627 iter
318 1561 548 1626 faciebant.
799 1643 803 1650 .

353 1666 502 1744 XXVIII,
523 1667 554 1730 4.
581 1664 679 1730 Nam
702 1664 859 1728 idcirco
882 1665 1051 1747 propter
1074 1682 1142 1728 auo
1164 1664 1378 1746 praesidio
1408 1663 1563 1729 fuisset
1585 1668 1851 1748 conspectus,
1878 1669 1985 1734 osle-

201 1771 306 1836 riter
326 1769 372 1835 ad
393 1771 594 1834 munitum
616 1769 749 1834 locum
771 1771 918 1832 natura
940 1771 1107 1852 ceperat
1129 1769 1212 1833 sibi
1234 1768 1452 1851 Pompeius
1474 1769 1657 1851 quamvis
1679 1789 1823 1853 magna
1843 1774 1986 1838 multi-

201 1873 347 1938 tudine
368 1873 539 1938 deducti
561 1872 811 1938 homineser
840 1873 1054 1955 superiore
1077 1872 1165 1937 loco
1195 1871 1417 1936 defendere
1441 1873 1615 1954 possent
1643 1875 1822 1940 subeunt
1848 1877 1888 1941 in
1917 1877 1986 1941 ad-

202 1980 325 2044 ventu
347 1997 418 2043 nos
441 1977 660 2062 depellunt
682 1978 748 2061 qui
771 1978 881 2043 telis.
913 1977 1086 2043 Audaciore
1103 1977 1292 2042 correctione
1307 1995 1383 2060 opus
1400 1995 1468 2042 esse
1484 1995 1574 2042 nemo
1592 1995 1652 2042 non
1668 1979 1762 2044 vielet.
1795 1981 1836 2044 111
1850 1981 1985 2064 primum

202 2082 325 2165 quidem
346 2081 439 2146 verbs
460 2081 620 2146 idcirco
642 2082 812 2164 propter
835 2102 905 2148 suo
928 2083 1140 2166 praesidio
1160 2081 1316 2146 fuisset
1336 2082 1587 2163 conspectus
1609 2083 1721 2166 quippe
1740 2102 1776 2146 er
1793 2085 1986 2168 paragrapho

129 2216 132 2224 ·
202 2186 297 2249 tertia
315 2185 454 2250 eiusdem
476 2185 590 2268 capitis
611 2185 694 2249 male
715 2187 848 2270 repetita
870 2207 941 2252 cum
964 2186 1150 2271 Nipperdeio
1170 2187 1221 2249 Pr.
1232 2184 1293 2248 248
1316 2185 1348 2248 et
1369 2184 1527 2268 Madvigio
1550 2185 1753 2264 adv.crit.ll,
1772 2189 1831 2252 291
1857 2188 1987 2253 delenda

66 2321 72 2334 ·
203 2290 292 2364 suut;
314 2290 386 2353 ante
407 2289 593 2354 homines
614 2291 743 2372 uterque
765 2291 831 2354 iure
856 2291 979 2374 pauci
995 2289 1098 2373 (Nipp.
1114 2287 1324 2372 perpauci)
1340 2287 1536 2353 intercidisse
1554 2289 1730 2354 docuerunt
1762 2292 1822 2356 Pro
1845 2309 1987 2374 magns

202 2391 477 2456 multitudine
500 2391 667 2456 deducti
683 2393 756 2475 ipse
779 2393 971 2457 conieceram
990 2411 1133 2476 magna
1154 2391 1432 2456 multitudiue
1460 2392 1652 2471 adducta,
1673 2395 1744 2477 post
1766 2396 1986 2479 Pompeius

202 2493 372 2559 addendam
392 2496 499 2560 censui
514 2497 701 2580 particulam
723 2497 779 2574 ut,
803 2515 838 2562 er
858 2516 917 2581 qua
932 2495 1079 2581 penderet
1101 2494 1394 2582 defenderent,
1417 2495 1496 2580 quod
1515 2499 1586 2580 post
1603 2498 1755 2563 cubemus
1773 2501 1986 2564 antecedentis

201 2598 343 2663 vocabuli
365 2599 488 2664 litteras
510 2599 662 2664 facillime
683 2601 785 2684 potuit
808 2601 960 2678 excidere,
984 2602 1015 2665 et
1037 2599 1170 2684 gaudeo,
1201 2599 1281 2682 quod
1304 2600 1336 2664 in
1359 2600 1482 2664 easdem
1503 2601 1696 2666 coniecturas
1719 2601 1897 2685 Madvigius
1920 2603 1941 2667 l.
1962 2622 1986 2667 s.

202 2705 262 2768 291
291 2704 410 2770 incidit
454 2705 564 2769 Finem
587 2705 692 2769 autem
714 2705 812 2768 totius
834 2703 896 2768 loci
918 2703 1077 2786 depravati
1099 2703 1127 2766 si
1145 2702 1323 2784 Madvigius
1346 2703 1392 2768 its
1414 2704 1609 2768 scribendum
1631 2704 1721 2770 docet
1748 2707 1866 2772 maiore
1888 2708 1986 2771 inter·

202 2809 369 2892 punctione
383 2809 636 2892 postpossent
658 2809 841 2892 interposita
863 2808 1038 2873 subeunt
1058 2809 1098 2872 in
1119 2807 1297 2872 adventu
1316 2808 1453 2872 nostri
1476 2808 1772 2892 depelluntque
1792 2810 1905 2888 telis,
1925 2829 1986 2875 nou

201 2933 328 2999 possum
352 2932 413 2979 non
436 2912 683 2977 emendationem
700 2913 766 2976 eius
788 2912 918 2988 reicere,
942 2911 1087 2993 quoniam
1109 2929 1145 2975 ex
1168 2911 1270 2976 verbis
1297 2911 1554 2994 subsequentibus
1576 2912 1722 2996 quibus
1744 2914 1986 2979 cedentibus

202 3017 393 3100 cupidius
420 3017 748 3100 insequebantur
777 3013 1013 3078 adversarii
1044 3015 1084 3078 et
1112 3013 1337 3078 confestim
1366 3015 1589 3080 tardabant
1617 3017 1662 3080 ab
1695 3035 1865 3083 accessu
1891 3019 1986 3082 intel-

202 3120 320 3204 ligitur,
350 3139 411 3185 non
442 3121 623 3198 nostros,
653 3121 673 3185 i.
696 3138 722 3184 e.
744 3118 1018 3184 Caesarianos
1047 3118 1246 3184 advenientes
1274 3119 1393 3183 subisse
1421 3121 1453 3182 et
1478 3121 1585 3184 hostes
1608 3121 1681 3186 telis
1712 3121 1900 3206 propulisse,
1932 3125 1986 3189 sed

202 3225 269 3290 vice
292 3243 382 3292 versa
403 3223 677 3290 Caesarianos
707 3223 745 3288 ab
775 3223 1035 3288 adversariis
1066 3221 1219 3306 externplo
1249 3240 1285 3285 ex
1307 3223 1436 3287 latebris
1462 3225 1733 3308 prorumpentibus
1762 3245 1830 3292 esse
1858 3229 1931 3292 telis
1953 3229 1985 3292 in

202 3328 309 3412 fugam
331 3330 495 3394 coniectos.
540 3329 730 3414 Quapropter
751 3349 807 3414 ego
830 3330 1022 3395 conieceram
1044 3328 1229 3394 Subeunt
1250 3328 1290 3392 in
1312 3328 1490 3393 adventu
1510 3332 1654 3396 nostro
1683 3333 1986 3418 depelluntque

202 3433 312 3498 telis.
337 3433 502 3498 Obiectum
523 3433 762 3517 depellendi
784 3433 869 3498 verbi
888 3431 981 3497 facile
999 3431 1181 3496 subauditur
1198 3449 1234 3496 er
1249 3432 1450 3498 antecedente
1464 3435 1645 3516 pronomine
1664 3438 1816 3500 nostro.
1838 3437 1986 3500 Mendum

203 3539 322 3616 sutem,
350 3539 430 3623 quod
462 3541 495 3604 in
526 3539 655 3624 reliquis
684 3540 787 3606 verbis
808 3539 939 3616 residet,
969 3535 1062 3601 facile
1085 3536 1206 3602 tollitur
1227 3538 1407 3620 pronomine
1437 3537 1519 3603 sibi
1545 3539 1578 3603 in
1607 3557 1649 3604 se
1676 3541 1796 3605 mutato
1819 3543 1851 3605 et
1872 3561 1986 3606 rees-

204 3645 321 3725 perat
341 3664 394 3727 pro
414 3646 579 3729 ceperat
599 3644 723 3728 scripto.
767 3643 893 3727 Syllaba
917 3659 958 3705 re
981 3641 1140 3706 intercidit
1161 3643 1232 3725 post
1253 3660 1360 3707 vocem
1382 3643 1546 3720 natur-a,
1576 3661 1653 3726 quae
1675 3643 1791 3708 eisdem
1811 3643 1876 3708 fers
1898 3646 1986 3710 litte·

203 3743 247 3809 ris
268 3763 309 3809 ra
331 3746 524 3810 terminatur.
556 3747 625 3812 Hac
648 3763 721 3811 vero
744 3745 864 3829 syllaba
880 3745 982 3809 deleta
1004 3744 1149 3810 librarius
1171 3745 1307 3829 simplici
1327 3747 1420 3811 verbo
1443 3748 1612 3829 ceperat
1634 3747 1774 3812 dativum
1791 3749 1986 3831 pronominis

203 3868 280 3932 opus
303 3867 370 3915 esse
400 3850 585 3928 arbitratus,
617 3851 710 3915 sicuti
733 3851 851 3932 legerat
879 3851 937 3925 26,
960 3840 982 3913 6'
1006 3849 1098 3912 inde
1127 3849 1210 3914 sibi
1238 3853 1487 3915 commeatus
1516 3851 1685 3935 capiunt
1715 3853 1747 3915 et
1768 3853 1824 3930 38,
1847 3854 1866 3917 6
1889 3851 1987 3935 fuga

203 3953 286 4018 sibi
315 3955 570 4038 praesidium
599 3955 770 4038 capiunt
798 3954 1010 4019 accusativum
1041 3956 1075 4020 in
1105 3957 1244 4022 dativum
1266 3959 1411 4024 1111111111.
1453 3959 1503 4023 Ad
1527 3978 1568 4023 se
1597 3959 1861 4042 recipere'ofr.
1886 3959 1934 4034 16,
1957 3961 1986 4023 3.

203 4059 259 4134 22,
279 4060 308 4122 3.
340 4060 392 4137 40,
414 4061 443 4123 2.
472 4059 524 4136 40,
545 4060 563 4124 7
581 4059 613 4123 ct
628 4059 678 4137 25,
702 4059 730 4122 8.
759 4060 810 4137 27,
832 4059 862 4122 4.
891 4059 942 4136 40,
966 4061 995 4123 1.
1039 4060 1153 4125 Totum
1175 4061 1274 4143 igitur
1294 4062 1398 4127 locum
1420 4064 1466 4128 sic
1486 4063 1582 4128 velim
1605 4062 1671 4127 edi:
1694 4063 1791 4127 Nam
1815 4063 1986 4146 [idcireo

203 4165 372 4246 propter
394 4183 462 4229 suo
484 4162 693 4246 praesidio
716 4161 874 4226 fuisset
895 4164 1155 4246 conspectus]
1178 4165 1378 4231 celeriter
1400 4167 1444 4234 ad
1466 4169 1664 4233 munitum
1687 4167 1819 4232 locum
1841 4169 1987 4231 natura

202 4277 352 4352 receperat
374 4289 403 4328 ee
423 4268 658 4351 Pompeius,
687 4275 719 4327 ut
748 4266 933 4348 quamvis
963 4285 1107 4348 magns
1134 4267 1410 4335 multitudine
1441 4271 1574 4332 adducto
1602 4273 1699 4356 pacet
1728 4272 1913 4336 homines
1944 4289 1985 4334 er

203 4373 416 4456 superiore
438 4373 526 4437 loco
550 4371 772 4436 defendere
793 4371 972 4453 possent.
1013 4370 1197 4436 Subeunt
1218 4374 1260 4436 in
1283 4374 1464 4439 adventu
1482 4383 1583 4436 codro
1604 4374 1810 4458 depelluntque
1831 4375 1943 4440 telis.

355 4477 537 4552 XXXIX,3
560 4475 735 4541 llxclusa
756 4473 986 4538 munitione
1009 4475 1264 4562 amissisque
1286 4479 1460 4543 auxiliis
1482 4480 1528 4544 sd
1552 4479 1785 4552 convallem
1808 4499 1986 4546 exesum·

191 4600 274 4668 nque
300 4582 431 4647 locum
459 4582 499 4646 in
527 4582 765 4663 speluncam
791 4578 1013 4660 Pompeius
1043 4598 1083 4644 se
1112 4583 1327 4648 occultare
1358 4584 1505 4666 coepit.
1555 4584 1830 4650 Demonstraveret
1855 4586 1986 4668 scriptor

203 4687 318 4764 ineis,
341 4705 418 4769 quae
440 4683 641 4760 antecedunt,
655 4673 717 4749 011.
740 4682 939 4766 Pompeium,
963 4701 1032 4746 cum
1057 4684 1086 4748 ei
1107 4685 1141 4749 111
1164 4685 1239 4770 fuga
1262 4689 1345 4752 esset
1366 4688 1556 4766 timendum,
1579 4705 1617 4751 ne
1641 4689 1761 4772 equites
1783 4691 1986 4774 cohortesque

203 4790 241 4854 ad
263 4789 507 4874 persequendum
533 4787 648 4852 missae
670 4807 796 4871 parvam
825 4806 952 4851 manum
983 4807 1071 4852 suam
1101 4790 1133 4854 in
1162 4793 1273 4856 itinere
1303 4793 1525 4875 opprimerent,
1555 4791 1658 4856 locum
1688 4795 1842 4858 excelsum
1869 4797 1986 4878 petisse

205 4895 316 4958 natura
338 4895 510 4972 munitum,
533 4911 570 4956 cr
591 4911 650 4974 quo
673 4893 806 4956 salutern
828 4909 916 4956 suam
940 4893 1048 4956 contra
1069 4895 1208 4960 hostium
1232 4897 1366 4978 impetus
1389 4896 1569 4961 defenderet
1598 4899 1739 4982 huncque
1761 4899 1862 4964 locum
1886 4901 1985 4984 operi-

203 4997 261 5062 bus
280 4999 464 5064 munivisse.
509 4997 595 5077 Quod
618 5016 687 5061 cum
711 4995 1004 5060 animadvertissent
1027 4997 1220 5078 (lassariani,
1242 4999 1326 5080 ipsos
1349 5017 1440 5080 quam
1459 4999 1620 5064 celerrime
1641 5002 1742 5065 totum
1759 5001 1861 5098 locum
1885 5001 1985 5083 operi-
