4562 5778
320 356 359 423 10

317 527 420 610 posuit
446 527 526 592 inter
554 525 730 610 ‚Hispalim‘
760 525 792 590 et
820 523 984 609 ,oppidum‘
1015 523 1100 608 in¹).
1153 524 1293 592 Primum
1324 527 1407 592 enim
1427 523 1479 591 hic
1501 545 1613 590 nomen
1639 527 1794 610 proprium
1816 520 1915 610 primo
1941 523 2076 612 2221222,

317 631 396 695 unde
418 631 535 696 1222222
555 633 616 709 222,
639 631 675 694 22
696 630 827 712 scriptor
840 630 1063 712 negligentius,
1085 649 1177 713 quam
1194 632 1367 715 elegantius
1385 632 1545 696 omitteret
1560 631 1835 714 praepositionem,
1858 632 1964 697 deinde
1981 639 2072 700 222222

316 735 483 818 2221212221
513 735 640 800 verbum
669 737 701 799 12
732 751 870 798 sermone
899 733 1020 816 vulgari
1046 735 1167 800 videtur
1194 755 1255 802 non
1284 737 1480 802 abhorruisse
1509 737 1547 800 ab
1577 735 1714 818 simplici
1742 737 1919 801 2222222122
1946 737 2015 814 loci,
2045 743 2073 804 12

316 859 405 923 quem
429 839 532 922 211222
554 859 604 906 222
624 841 778 923 recipitur,
799 839 1054 922 quemadmodum
1075 841 1209 924 legimus
1231 841 1333 906 Plaut
1376 839 1571 906 Mostellaria
1592 840 1637 915 Il,
1659 841 1679 902 2
1702 839 1743 902 68
1765 857 1837 902 narn
1859 859 1910 902 me
1931 841 2077 906 Acherun-

315 945 379 1006 tem
402 945 535 1027 recipore
558 945 654 1008 Orcus
676 944 829 1008 22121222
850 943 913 1008 Cic.
936 943 1029 1008 Arcb.
1050 947 1080 1020 3,
1100 945 1118 1006 5
1140 945 1247 1008 statim
1270 945 1407 1022 Luculli,
1430 964 1500 1009 cum
1520 943 1731 1027 praetextatus
1754 943 1849 1006 etiam
1871 946 1939 1007 tum
1962 945 2083 1010 Archias

316 1049 412 1125 esset,
443 1067 512 1112 eum
542 1049 665 1116 domum
694 1067 783 1113 suam
811 1049 1000 1131 receperunt.
1049 1049 1156 1131 ltaque
1185 1049 1359 1131 simplicem
1389 1049 1599 1112 accusativum
1625 1049 1724 1110 teneo.
1768 1047 1883 1110 Verum
1913 1067 1973 1112 non
2003 1049 2084 1113 dubi-

315 1153 443 1216 tandum
465 1155 526 1230 est,
556 1155 630 1236 quin
659 1155 743 1218 reete
766 1152 926 1235 scripserit
946 1151 1151 1234 Nipperdeius
1173 1153 1228 1228 35,
1252 1155 1271 1215 3
1301 1152 1369 1215 bic
1396 1152 1499 1216 clam
1529 1151 1742 1234 praesidia
1769 1151 1802 1210 in
1831 1153 2085 1220 Lusitaniam

314 1256 618 1336 proficiscitur,
641 1257 695 1320 ubi
709 1256 797 1320 deest
819 1255 858 1318 in
879 1255 911 1318 12
929 1255 1055 1338 optimis
1071 1255 1235 1320 codicibus.
1266 1255 1466 1332 0122212221,
1483 1256 1502 1317 5
1520 1255 1686 1318 nuntiis
1703 1255 1735 1314 iu
1751 1255 1918 1320 ltaliam
1941 1259 2086 1324 missis.

314 1357 349 1430 2,
375 1359 389 1420 l
414 1357 446 1418 in
469 1359 713 1441 Hispaniam
741 1379 825 1422 cum
853 1359 1047 1424 venisset
1090 1361 1147 1438 22,
1170 1361 1188 1424 7
1211 1360 1432 1444 profugere
1452 1360 1484 1419 ia
1512 1359 1756 1422 Baeturiam.

466 1461 534 1537 VH,
549 1465 577 1526 2.
608 1463 721 1552 Paucis
737 1465 859 1527 tantum
878 1464 1006 1546 tangam
1026 1463 1128 1528 Kochi
1149 1464 1359 1528 coniecturam
1380 1482 1434 1548 pro
1459 1464 1566 1526 Haec
1589 1463 1678 1526 loca
1700 1465 1796 1527 sunt
1817 1467 2031 1532 montuosa
2053 1472 2089 1532 et

314 1566 461 1628 natura
491 1566 605 1630 edita
638 1567 682 1630 ad
713 1585 791 1631 rem
822 1568 1046 1632 militarem
1080 1569 1244 1633 scribentis
1277 1571 1316 1632 et
1347 1569 1495 1631 natura
1526 1567 1728 1649 expedita
1788 1567 1867 1632 Sane
1897 1569 1962 1634 11112
1991 1573 2089 1636 verbis

314 1667 427 1731 edita
452 1668 497 1732 ad
526 1687 607 1732 reru
630 1670 855 1736 militarem
877 1671 1045 1753 singularis
1068 1671 1202 1736 eflicitur
1222 1672 1363 1738 vocabuli
1385 1673 1525 1736 editus
1559 1672 1728 1748 structura,
1759 1674 1794 1736 22
1815 1673 2020 1756 subiungatur
2045 1677 2089 1740 ad

313 1772 482 1854 particula;
513 1774 617 1837 tamen
639 1777 675 1838 ut
700 1793 846 1858 persaepe
869 1776 967 1840 oratio
994 1776 1153 1860 scriptoris
1186 1777 1281 1842 211222
1303 1777 1456 1842 fluctuans
1486 1776 1564 1840 fines
1587 1776 1729 1840 concinni
1752 1777 1904 1841 sunnonis
1925 1781 2089 1861 egreditur,

306 1876 361 1938 ita
390 1877 471 1940 2222
500 1897 597 1960 pauca
627 1881 734 1944 extant
764 1899 904 1944 summae
936 1880 1197 1963 breviloquentiac
1227 1881 1375 1964 exempla
1433 1881 1513 1946 Vide
1535 1881 1612 1957 6,4
1646 1879 1769 1944 Cuius
1801 1881 1840 1944 in
1873 1881 2089 1948 adrentum

312 1981 516 2062 praesidii
545 2001 667 2047 causa
697 1983 847 2047 Caesar
877 2006 944 2044 curn
974 1983 1130 2068 complura
1157 1983 1277 2046 222222
1307 1995 1491 2070 occupasset,
1522 1984 1575 2048 ubi
1606 1982 1769 2046 Caesarem
1801 1985 1973 2067 complures
1995 1987 2089 2052 colles

313 2100 477 2166 occupasse
499 2085 602 2168 ibique
623 2086 753 2150 castella
775 2089 975 2152 constituisse
997 2087 1200 2152 manifestum
1222 2089 1279 2153 est.
1323 2091 1390 2166 7‚1
1425 2087 1669 2170 Insequenti
1698 2089 1819 2150 nocte
1847 2091 1987 2154 castra
2021 2111 2089 2156 222

313 2186 500 2252 incendit
521 2191 736 2273 Pompeius
759 2193 798 2255 et
820 2193 935 2258 trans
956 2193 1107 2257 flumen
1130 2191 1366 2277 Salsumper
1388 2190 1534 2253 22222222
1555 2192 1695 2254 222222
1716 2189 1921 2254 interduo
1944 2195 2089 2276 222122

311 2291 511 2373 Ateguam
540 2295 580 2357 et
600 2294 765 2360 Ucubim
788 2298 827 2360 in
849 2299 984 2361 monte
1014 2297 1241 2361 constituit
1268 2315 1322 2380 pro
1345 2299 1497 2361 itinere
1527 2313 1595 2378 per
1618 2293 1827 2358 convalles
1855 2294 1976 2360 12222.
2018 2299 2088 2372 125

313 2395 493 2478 [Caesar]
510 2417 594 2462 cum
615 2399 670 2464 111
692 2400 929 2483 legionibus
952 2403 1014 2465 222
1034 2399 1258 2484 222122222,
1281 2403 1323 2464 22
1344 2397 1627 2463 122222221222
1645 2401 1902 2461 succurreret
1922 2403 2088 2476 nostris;

312 2503 458 2567 etcum
486 2501 531 2566 ad
560 2521 628 2568 222
655 2505 1044 2588 appropinquasset,
1065 2503 1147 2587 sapa
1166 2503 1320 2587 paneadi
1341 2502 1462 2566 multi
1491 2503 1586 2566 sunt
1614 2501 1852 2582 1222212221,
1881 2503 1935 2568 ubi
1954 2505 2089 2587 simplici

311 2609 458 2673 vocabulo
480 2607 497 2670 1
501 2626 577 2689 uga
598 2607 666 2672 vult
688 2609 819 2692 scriptor
841 2608 965 2692 erponi,
995 2609 1100 2672 hostes
1122 2611 1210 2690 terga
1233 2608 1371 2672 vertisse.
1414 2605 1471 2682 24,
1493 2607 1513 2669 6
1541 2605 1601 2668 122
1625 2604 1729 2688 pridie
1751 2604 1918 2670 duorum
1947 2611 2088 2673 centu·

311 2713 473 2778 vionum
502 2712 633 2773 interitio
662 2713 735 2776 222
764 2713 1091 2778 adversariorum
1121 2731 1249 2796 poena
1279 2713 1342 2775 est
1365 2710 1507 2787 litata,
1537 2709 1590 2772 ubi
1614 2709 1773 2790 exspectas
1801 2709 1862 2773 122
1892 2711 2089 2778 interitio

311 2821 478 2884 duorum
508 2817 801 2894 centuriorum,
839 2818 905 2900 221
934 2817 1070 2900 221212
1108 2820 1202 2881 2222
1230 2815 1455 2881 1222212221
1482 2816 1539 2879 etc.
1581 2816 1673 2890 42,2
1706 2815 1945 2896 insequenti
1973 2837 2089 2900 prae-

310 2925 404 2987 tura
433 2920 632 3002 ampliato
660 2921 810 2984 honore
838 2919 1012 3002 2221122112,
1046 2915 1146 3004 2222
1174 2922 1371 2986 Metellus
1401 2921 1689 3004 imposuisset,
1720 2941 1740 2978 a
1769 2931 1872 2982 renata
1896 2924 2007 3006 perisso
2034 2945 2089 3008 pro

310 3027 473 3109 petisse
496 3025 535 3087 22
557 3024 801 3106 impetrasse
824 3025 870 3088 ab
894 3027 1054 3101 222222,
1077 3026 1119 3089 22
1137 3027 1311 3109 Hispani
1334 3024 1617 3107 vectigalibus
1639 3043 1657 3086 2
1678 3023 1850 3088 21222112
1873 3026 2088 3109 impositis

311 3128 605 3193 liberarentur.
648 3127 720 3192 Ideo
752 3130 835 3192 recte
866 3147 933 3192 2222
961 3129 1077 3193 222222
1107 3130 1219 3196 22122
1249 3131 1293 3195 22
1325 3147 1405 3194 rem
1434 3128 1661 3192 militarem
1692 3147 1746 3210 pro
1775 3127 1887 3193 edita
1919 3131 2088 3215 ideoque

311 3233 455 3298 idonea
472 3232 516 3295 22
539 3250 619 3294 rem
641 3231 882 3311 militarem,
906 3235 954 3298 uti
977 3235 1248 3317 scriptumest8,
1273 3237 1287 3298 1
1314 3235 1415 3317 2222
1438 3233 1528 3300 1222
1551 3233 1644 3298 2222
1666 3233 1778 3296 22122
1800 3235 1839 3296 22
1862 3233 1907 3298 22
1929 3239 2088 3300 222222-

310 3355 395 3399 rum
424 3335 676 3400 munitiones
698 3355 773 3400 uon
794 3355 931 3420 parum
953 3337 1106 3402 idonea

461 3441 534 3518 VH,
558 3441 576 3503 5
606 3441 768 3524 postquam
795 3442 932 3506 22222212
954 3443 1094 3526 scriptor,
1124 3441 1306 3524 Pompeium
1333 3441 1453 3522 aquilas
1475 3443 1507 3504 et
1536 3442 1624 3525 signa
1650 3441 1724 3506 Xlll
1752 3442 1910 3524 legionum
1932 3445 2087 3522 babuisse,
2151 3511 2154 3518 ,

310 3545 455 3627 quattuor
481 3546 585 3610 autem
614 3546 737 3608 tantmu
759 3545 933 3634 legionibus
961 3547 1110 3612 conlisum
1141 3563 1222 3622 esse,
1254 3547 1329 3609 baec
1357 3545 1566 3628 adiunguntur
1595 3545 1780 3627 reliquae
1810 3565 1853 3609 er
1884 3547 1900 3612 1
1905 3549 2087 3632 ugitivis

309 3648 539 3714 auxiliares
561 3649 861 3714 consistebant.
900 3650 1007 3718 ,Nam
1031 3651 1075 3714 22
1104 3649 1185 3713 1221
1207 3651 1412 3713 armatura
1442 3649 1483 3712 et
1505 3649 1696 3731 22212222
1724 3649 1844 3732 longe
1866 3653 1906 3714 et
1926 3653 2086 3716 virtute

309 3755 349 3816 et
370 3771 534 3817 numero
556 3753 695 3818 nostri
724 3754 845 3816 erant
867 3753 1107 3837 superiores.
1150 3755 1219 3818 Iure
1244 3753 1441 3836 reprehendit
1461 3753 1666 3836 Nipperdeius
1688 3753 1739 3817 Pr.
1759 3755 1821 3817 230
1846 3755 1986 3838 ineptum
2009 3756 2087 3820 illud

308 3857 500 3939 legiones
529 3856 774 3930 auxiliarem
803 3855 925 3921 dubitat
953 3859 1072 3936 autem,
1104 3859 1208 3922 utrum
1237 3855 1465 3921 auxiliares
1487 3873 1505 3918 a
1527 3854 1669 3933 librario,
1699 3857 1752 3939 qui
1773 3855 1854 3922 lecto
1882 3859 2087 3924 12122230

311 3961 496 4027 auxiliorum
518 3962 843 4026 commemorationem
866 3963 1100 4041 desideraverit,
1123 3963 1156 4027 in
1177 3962 1317 4045 margine
1339 3959 1528 4042 adscriptum
1550 3961 1583 4024 22
1602 3979 1762 4044 perperam
1784 3962 1866 4026 inter
1887 3963 1980 4028 verba
2001 3965 2086 4046 posi-

309 4067 376 4131 tum
391 4051 460 4146 sit,
488 4086 527 4131 an
554 4067 620 4150 ipse
650 4067 780 4150 scriptor
809 4067 860 4130 bio
890 4087 1009 4152 quoque
1038 4067 1204 4133 auxiliares
1237 4064 1525 4131 commemoraverit
1556 4066 1708 4149 verbaque
1736 4066 1802 4130 2122
1838 4067 1980 4131 22222222
2013 4068 2085 4131 2122

309 4171 429 4236 Kraner
459 4170 689 4236 auxiliares
719 4172 807 4236 uncis
842 4172 983 4250 seclusit,
1019 4173 1101 4256 quod
1129 4192 1189 4239 non
1218 4171 1336 4237 22111212
1361 4171 1399 4236 22
1428 4171 1531 4236 locum
1560 4170 1796 4234 restituendum.
1849 4169 1965 4248 Quodsi
1997 4171 2084 4248 illud,

311 4277 389 4357 quod
420 4277 558 4360 sequitur
589 4276 785 4341 enuntiatum
814 4277 1003 4354 consideras,
1037 4271 1112 4343 num
1141 4277 1267 4342 dubium
1297 4291 1364 4340 esse
1393 4275 1512 4357 potest,
1545 4273 1647 4338 locum
1679 4291 1746 4338 esse
1775 4274 1937 4339 verbomm
1967 4276 2086 4358 aliquot

309 4378 507 4444 intercisione
536 4380 752 4446 destructum?
813 4381 896 4446 Num
925 4382 1019 4446 babet
1048 4382 1125 4446 illud
1158 4381 1366 4458 enuntiatum,
1400 4397 1458 4462 quo
1487 4379 1704 4461 argumentum
1734 4379 1836 4444 afferri
1873 4379 2004 4445 alicuius
2039 4380 2086 4443 rei

310 4483 402 4546 antea
438 4487 696 4551 commemoratae
726 4504 761 4550 22
792 4486 945 4568 particula
974 4487 1091 4552 causali
1124 4505 1212 4550 nam
1241 4483 1444 4565 intelligitur,
1474 4499 1549 4544 num
1574 4481 1681 4558 habet,
1712 4501 1770 4566 quo
1800 4483 1977 4549 referatur?
2014 4483 2085 4548 Nisi

311 4607 421 4654 caussa
443 4591 643 4656 antecedente
665 4593 742 4656 baec
764 4591 987 4656 sententiarum
1010 4591 1152 4655 iunctura
1170 4589 1321 4674 particula
1343 4604 1429 4650 nam
1452 4584 1561 4648 effecta
1580 4603 1641 4648 non
1663 4587 1766 4668 potest
1786 4589 1916 4652 evenire.
1959 4587 2083 4654 Etenim

310 4691 390 4775 quod
412 4693 546 4758 Romani
567 4693 630 4758 levi
651 4697 807 4760 armatura
830 4695 862 4758 et
884 4695 1024 4778 equitatu
1052 4694 1083 4758 et
1109 4693 1223 4758 2122222
1245 4693 1350 4758 222222
1380 4693 1594 4777 praestabant,
1626 4693 1703 4760 haec
1731 4715 1781 4762 res
1808 4715 1867 4760 non
1891 4698 2083 4778 2222222222

309 4797 500 4878 argumento,
531 4815 585 4860 cur
612 4797 748 4880 reliquae
777 4799 919 4881 Pompeii
947 4799 1084 4882 legiones
1113 4815 1148 4863 22
1178 4795 1321 4879 fugitivis
1347 4797 1553 4864 constiterint
1607 4798 1798 4882 Quapropter
1826 4800 1906 4863 mibi
1934 4799 2083 4881 persuasi,

460 5037 491 5104 1)
510 5035 557 5092 212.
575 5051 637 5092 2222
655 5039 702 5103 22,
721 5037 1010 5105 62221211221222
1029 5041 1062 5095 in
1080 5037 1241 5108 oppidum
1261 5045 1360 5094 esset
1378 5047 1552 5108 receptus,
