4562 5778
1926 380 1969 442 27

190 555 407 639 Pompeius
443 551 608 616 saucius
642 548 682 611 et
713 546 875 610 intorto
909 545 995 609 talo
1035 545 1191 613 idcirco
1225 549 1473 614 tardabatur
1505 547 1551 613 ad
1585 546 1838 628 fugiendum.
1893 547 1970 612 Cum

190 663 308 736 autem,
344 657 424 741 quod
453 656 565 730 sciam,
602 671 658 717 nee
688 651 816 716 verbum
853 649 1098 714 abvertendi
1131 671 1187 715 nec
1219 651 1457 735 aspelleudi
1486 653 1536 717 vel
1570 649 1835 715 absterrendi
1869 653 1971 728 verta,

190 784 267 849 quae
295 762 455 847 proposuit
482 757 700 842 Nipperdeius,
731 755 811 838 apud
839 754 939 818 ullum
969 755 1151 837 scriptorem
1173 756 1308 820 latinum
1335 758 1393 820 hoc
1416 757 1507 822 modo
1536 777 1607 821 cum
1634 755 1783 838 gerundio
1806 756 1971 820 coniuncta

189 870 342 954 legantur,
365 869 397 931 et
419 866 485 949 ipse
505 863 637 946 scriptor
658 862 709 938 40,
732 861 752 922 4
772 861 849 922 haee
869 858 982 922 habeat
1004 858 1196 924 Caesaris
1224 861 1364 944 copias
1395 861 1544 926 tImore
1573 859 1769 943 impediri
1796 861 1841 924 ad
1864 880 1970 924 com-

189 971 436 1039 mittendum
463 966 684 1052 proelium,
714 981 775 1027 non
801 961 907 1026 dubito
937 961 1069 1025 seribere
1097 981 1152 1045 pro
1185 955 1408 1047 appeteret
1433 965 1540 1047 paucis
1569 964 1685 1028 littoris
1716 965 1847 1027 mutatis
1877 963 1970 1048 irnpe-

190 1079 275 1140 diret.
321 1075 381 1141 Sed
408 1075 503 1138 etiarn
533 1071 652 1153 reliqua
681 1068 780 1131 adhuc
809 1065 1025 1130 emendatione
1050 1067 1201 1151 indigent.
1249 1066 1454 1150 Nipperdeius
1477 1069 1581 1132 autem
1603 1067 1744 1131 aditus
1772 1069 1808 1132 ut
1831 1086 1866 1130 ex
1890 1069 1971 1150 opti-

189 1184 251 1248 mis
273 1180 430 1246 codioibus
452 1176 626 1260 profectum
649 1171 786 1235 maxima
808 1187 844 1232 ex
866 1169 954 1252 perte
983 1187 1109 1235 servans
1135 1172 1163 1235 ai
1185 1171 1218 1235 in
1240 1169 1332 1234 dubio
1354 1171 1517 1254 relinquit,
1548 1173 1653 1236 utrum
1676 1172 1901 1236 emendandum
1929 1173 1972 1236 sit

190 1287 308 1352 aditu
336 1283 381 1348 ad
412 1276 726 1365 oppugnandum
756 1273 916 1338 hostem
946 1274 1180 1358 aspelleret
1208 1275 1259 1338 vel
1288 1275 1565 1353 absterreret,
1595 1295 1635 1340 an
1665 1275 1807 1340 aditus
1829 1323 1971 1340 .......

190 1390 385 1464 hostium,
402 1403 518 1460 vereor,
541 1401 580 1447 ne
595 1379 765 1466 principale
781 1375 928 1442 mendum
943 1376 1017 1460 quid
1034 1378 1126 1455 essct,
1139 1397 1200 1442 non
1217 1377 1414 1442 intellexerit
1435 1379 1563 1443 Duabus
1580 1379 1699 1443 caussis
1715 1378 1821 1443 allatis
1840 1379 1972 1462 scriptor

191 1495 402 1560 demonstrare
425 1489 544 1564 studet,
574 1483 835 1568 oppugnationem
856 1479 961 1564 oppidi
979 1479 1115 1546 Mundae
1135 1481 1304 1546 maximam
1325 1483 1472 1548 habuisse
1495 1483 1723 1548 difficultatem.
1766 1481 1892 1546 Etenim
1909 1500 1971 1545 non

191 1598 291 1664 solum
314 1613 466 1678 nusquam
490 1591 573 1656 eirca
595 1587 739 1672 oppidum
769 1587 831 1650 nisi
854 1586 955 1668 spatio
983 1585 1107 1650 milium
1130 1603 1277 1667 passuum
1299 1587 1374 1652 VIII
1396 1587 1559 1652 interiecto
1582 1587 1738 1669 repertam
1759 1604 1827 1650 esse
1849 1604 1970 1668 aquam,

191 1702 362 1768 sedetiam
385 1697 536 1762 defecisse
559 1692 738 1768 materiem,
761 1709 822 1772 qua
844 1707 920 1772 opus
943 1691 1027 1754 esset
1048 1689 1087 1753 ad
1107 1707 1252 1773 aggerem
1274 1690 1462 1768 ducendum,
1489 1692 1589 1756 turres
1612 1691 1827 1767 exstruendas,
1849 1690 1970 1754 maehi-

190 1808 332 1872 nationes
354 1801 593 1888 praeparandas,
623 1797 734 1880 quippe
756 1794 836 1877 quod
858 1794 1027 1876 Pompeius
1050 1794 1142 1858 antea
1164 1813 1287 1859 omnem
1309 1795 1421 1860 silvam
1444 1795 1660 1860 succidendam
1682 1797 1714 1859 et
1741 1797 1823 1860 intro
1844 1795 1970 1878 portan-

190 1915 261 1979 dam
284 1909 462 1977 curavisset
505 1905 572 1968 Has
599 1902 704 1967 autem
733 1898 935 1963 difficultates
962 1899 1008 1963 ita
1030 1898 1068 1962 ed
1089 1918 1139 1976 ea,
1169 1917 1246 1982 quae
1268 1899 1469 1982 praecedunt,
1498 1899 1655 1982 adiungit,
1684 1901 1720 1963 ut
1747 1901 1857 1983 pergat
1885 1901 1971 1964 Huc

190 2015 428 2089 accedebat,
450 2010 530 2074 unde
553 2008 590 2071 lit
612 2005 798 2080 dilucidum,
820 2001 900 2067 nihil
922 2001 984 2066 nisi
1007 2001 1211 2068 difficultates
1234 2004 1472 2088 oppugnationis
1495 2005 1588 2067 antea
1610 2021 1677 2067 esse
1705 2004 1970 2067 commemoratas.

189 2125 297 2204 Itaque
320 2118 422 2183 Kochi
444 2113 635 2188 coniectura,
666 2107 720 2192 qui
747 2107 768 2171 l.
792 2127 816 2171 s.
845 2103 1041 2170 scribendum
1068 2108 1213 2190 proponit
1241 2107 1310 2170 sed
1340 2107 1465 2171 etiam
1495 2108 1642 2171 natura
1671 2107 1897 2191 impeditus
1925 2107 1969 2170 ad

191 2220 501 2311 oppugnandum
530 2215 688 2281 hostem
717 2210 935 2294 appeteret
963 2209 1086 2292 probari
1108 2212 1225 2294 nequit.
1267 2210 1334 2275 Nec
1360 2211 1500 2275 codicum
1528 2211 1621 2275 lectio
1645 2211 1720 2275 ferri
1749 2211 1867 2295 potest,
1898 2229 1970 2274 nam

192 2333 239 2396 vir
268 2327 429 2412 negaverit
456 2321 625 2407 quispiam,
653 2317 780 2382 verbum
807 2313 923 2378 loeus
950 2312 1047 2376 totius
1078 2315 1233 2378 enuntiati
1264 2334 1332 2380 osso
1362 2316 1543 2380 subiectum.
1594 2316 1701 2397 Neque
1721 2332 1809 2377 veror
1832 2312 1971 2378 difficilis

192 2436 311 2500 videtur
334 2429 517 2498 emendatio.
570 2419 763 2507 Comparatio
793 2419 877 2483 enim
899 2417 949 2480 his
971 2415 1048 2481 locis
1071 2418 1149 2493 8‚4
1181 2419 1279 2483 item
1313 2421 1550 2503 oppidorum
1583 2438 1726 2502 magna
1758 2416 1970 2500 pars-eius

191 2537 432 2626 provinciae
459 2529 608 2594 ruentibus
637 2527 653 2592 f
659 2544 724 2590 ere
752 2523 869 2584 reuerita
895 2530 1064 2584 atriolum.
1109 2524 1165 2598 28,
1188 2525 1208 2586 3
1237 2523 1398 2587 Etenim
1422 2527 1462 2588 et
1483 2534 1595 2585 reaturo
1615 2522 1672 2585 loci
1694 2520 1909 2606 deseradebatur
1931 2521 1971 2582 et

190 2635 640 2729 ipsiusoperiamnailloue.
686 2625 1224 2708 38,1etloonmquen‹lam
1252 2627 1534 2690 mnniecmnataro
1562 2629 1746 2712 occupat.
1788 2625 1969 2703 38‚4nm-

191 2751 288 2811 iritum
310 2747 407 2808 locam
428 2751 549 2810 crotera,
572 2739 605 2802 in
626 2735 763 2799 mentem
784 2729 864 2794 milri
886 2729 973 2796 venit
995 2730 1128 2795 scribere
1151 2731 1210 2796 sic
1239 2733 1281 2795 ut
1311 2732 1399 2815 ipse
1421 2732 1536 2797 locus
1565 2752 1641 2797 non
1671 2733 1805 2797 solum
1837 2748 1969 2815 opere,

191 2853 258 2917 sed
286 2850 412 2917 etiam
439 2846 587 2910 natura
616 2837 749 2902 acerrime
780 2833 825 2898 ad
856 2833 1169 2916 oppugnandum
1199 2837 1356 2900 hostem
1378 2837 1545 2922 impediret.
1590 2839 1676 2902 Tunc
1700 2837 1804 2902 omnia
1826 2855 1970 2920 prospere

190 2941 369 3042 procedunt.
413 2953 546 3017 Ertrusa
567 2971 599 3010 m
624 2945 745 3019 littera,
775 2955 852 3024 quae
880 2939 928 3001 est
962 2939 994 3002 in
1030 2939 1132 3022 capite
1162 2941 1248 3007 verbi
1282 2945 1480 3021 munitus,
1512 2943 1665 3008 facillime
1694 2943 1761 3006 fieri
1787 2941 1904 3026 potuit,
1935 2942 1971 3005 ut

192 3062 348 3136 unitus,
386 3055 570 3142 praesertim
600 3069 671 3115 oum
704 3043 890 3114 antecedens
923 3043 1074 3106 natura
1108 3042 1141 3106 in
1163 3066 1183 3104 a
1205 3043 1345 3112 litteram
1379 3048 1516 3126 desinat,
1549 3049 1723 3112 mutaretur
1755 3047 1788 3110 in
1821 3045 1969 3110 aditus.

191 3166 278 3230 Haec
299 3164 459 3228 haetenus.
