4562 5778
2060 379 2079 448 1

303 543 332 622 5,
349 545 378 608 3.
401 543 431 623 5,
452 543 482 609 4.
504 546 534 622 6,
558 543 585 608 1.
607 546 637 622 6,
659 543 689 608 3.
711 544 741 620 6,
760 545 790 608 5.
811 543 841 622 6,
864 546 893 609 6.
937 539 1024 610 'lunc
1046 563 1100 629 per
1122 541 1294 629 compluria
1316 541 1419 626 666166
1441 563 1502 608 666
1524 543 1689 622 invenitur,
1713 546 1766 609 666
1788 546 1860 611 1666
1883 567 1902 612 6
1924 547 2025 631 capite
2040 551 2081 613 22

302 667 408 713 mrsus
429 649 530 712 utitur
552 649 684 730 scriptor
705 649 756 724 22,
778 649 807 712 6.
840 648 890 724 22,
916 649 945 712 1.
976 649 1028 724 29,
1051 649 1079 712 1.
1111 651 1163 726 29,
1186 650 1215 713 8.
1245 649 1296 724 30,
1319 648 1348 712 6.
1381 649 1431 724 31,
1454 649 1483 711 3.
1513 649 1564 724 32,
1584 650 1603 712 3
1626 649 1711 731 (616).
1742 651 1793 726 32,
1816 651 1836 714 6
1859 651 1946 735 (bis).
1977 653 2028 727 34,
2051 654 2081 716 5.

302 753 353 829 35,
378 753 393 815 1
419 751 503 834 (666).
532 753 582 828 35,
605 753 634 815 3.
665 752 716 828 35,
738 752 760 814 4
781 751 865 834 (666).
896 753 946 828 36,
970 753 999 814 2.
1027 753 1080 828 36,
1103 754 1123 815 3
1145 751 1289 834 (qnater).
1311 752 1361 827 36,
1384 751 1510 834 41616).
1532 753 1583 828 31,
1606 754 1625 816 2
1648 751 1793 835 (666666).
1819 754 1869 830 37,
1892 755 1912 817 3
1934 751 2080 838 (quater).

303 855 354 931 38,
375 857 395 918 2
418 855 553 938 (quater)
577 855 636 918 666.
689 853 844 936 Sequitur,
866 853 903 915 ut
925 852 1075 935 exemplis
1098 855 1307 938 comprobem,
1339 854 1466 918 nomina
1493 854 1655 919 collectiva
1683 855 1742 919 hoc
1771 855 1804 919 in
1832 855 1912 920 libro
1943 858 2082 940 excipere

303 958 388 1022 verbi
405 975 567 1022 numerum
581 957 743 1040 pluralem.
776 959 805 1033 3,
822 957 841 1020 8
866 975 1009 1039 magna
1019 979 1098 1042 poro
1113 958 1317 1023 hominum
1412 976 1488 1021 non
1510 955 1696 1017 dubitarunt.
1730 959 1815 1036 31,1
1839 979 1914 1044 pars
1929 969 2006 1031 erat,
2029 961 2082 1042 661

304 1063 637 1144 Pompeianarum
666 1060 844 1143 6666666
868 1058 1008 1143 factores
1038 1069 1138 1122 66666.
1181 1062 1217 1138 4,
1241 1063 1260 1124 3
1293 1061 1388 1124 6666
1415 1079 1558 1143 magna
1579 1059 1739 1122 6661616666
1837 1081 1924 1126 666
1945 1064 2079 1124 emerent.

303 1165 332 1240 6,
350 1164 371 1226 4
392 1165 543 1248 666616
567 1164 634 1228 661
655 1164 888 1247 equitatus,
912 1164 1062 1246 partim
1084 1165 1153 1228 ubi
1174 1164 1382 1248 pedestris
1405 1165 1494 1247 copia
1515 1164 1557 1227 in
1580 1166 1762 1230 statione
1778 1185 1932 1230 ...6666
1948 1177 2078 1252 possent.

303 1267 379 1344 25,1
395 1287 478 1332 666
498 1269 545 1333 66
566 1269 734 1333 666666
756 1268 887 1332 16666
910 1267 1417 1352 eiuspraesidiumvenisset,
1437 1268 1620 1350 pristino
1636 1267 1994 1335 ...6666666666616
2029 1272 2079 1335 to.

303 1371 390 1448 27,4
411 1371 613 1455 praesidium,
706 1371 849 1448 iussit,
871 1370 1121 1433 6616666666
1144 1373 1248 1435 66
1270 1391 1300 1432 66
1321 1371 1492 1456 reciperent.
1537 1371 1723 1454 Priusquam
1745 1374 1849 1436 66666
1871 1374 1954 1436 6666
1976 1373 2078 1436 locum

303 1474 435 1538 missum
464 1474 594 1551 166166,
630 1475 738 1558 paucis
765 1474 859 1538 liceat
890 1474 970 1537 mihi
1003 1475 1157 1558 attingere
1189 1475 1227 1538 ad
1259 1475 1406 1540 tuendam
1438 1475 1578 1540 6666666
1613 1477 1798 1560 scripturam
1829 1477 2077 1541 consecutionem

303 1580 476 1663 temporum
499 1581 532 1642 in
554 1581 739 1656 enuntiatis,
770 1597 847 1662 quae
868 1597 1014 1662 praesens
1035 1579 1218 1643 historicum
1250 1579 1403 1644 exhibent.
1453 1579 1655 1665 Exploratum
1677 1581 1772 1662 esu),
1800 1599 1819 1644 a
1844 1579 1974 1646 Caesare
1999 1583 2079 1646 hanc

304 1681 458 1747 observari
473 1683 588 1765 legem,
610 1685 647 1747 66
667 1685 738 1766 6666
752 1683 938 1766 6666666666
955 1701 1100 1766 praeseus
1114 1684 1297 1748 historicum
1312 1684 1407 1766 ponat
1426 1683 1458 1746 iu
1474 1684 1644 1748 enuntiatis
1664 1683 1811 1749 finalibus
1832 1703 1869 1750 66
1889 1703 2078 1768 consequen-

304 1786 368 1850 tiae
384 1805 544 1868 praesens,
566 1789 689 1870 tempus
711 1788 895 1852 historicum
915 1790 1020 1852 autem
1043 1807 1102 1853 666
1126 1789 1235 1871 66666,
1258 1787 1320 1851 6166
1340 1786 1547 1852 intercedente
1569 1788 1730 1852 enuntiato
1750 1787 1908 1870 praeterit
1929 1789 2078 1872 temporis

306 1890 487 1973 seiungatur
498 1893 694 1956 enuntiatum
715 1891 851 1975 6666666
868 1893 906 1956 66
919 1910 954 1956 66
970 1892 1140 1969 enuntiato,
1157 1909 1193 1954 ex
1209 1909 1268 1973 quo
1283 1889 1424 1974 pendeat,
1440 1892 1495 1954 aut
1509 1891 1571 1954 nisi
1587 1891 1759 1955 6666666666
1771 1892 1919 1974 66166616
1934 1889 2079 1974 66666666

305 1994 500 2058 6666616666
520 2013 555 2058 er
573 1995 722 2076 primaria
743 1995 888 2078 pendens.
923 1995 1025 2059 Aliter
1046 2013 1095 2060 res
1118 2013 1185 2060 sese
1206 1995 1380 2060 66666666
1401 1996 1435 2058 in
1456 1994 1545 2058 libro.
1586 1993 1667 2060 Nam
1688 1995 1716 2058 66
1736 1995 1887 2060 66666661
1908 1997 2078 2079 perlustra-

304 2095 385 2158 veris
415 2097 590 2172 enuntiata,
624 2098 736 2181 ubique
771 2098 911 2163 invenies
944 2101 1067 2182 tempus
1099 2097 1282 2162 historicum
1314 2099 1384 2180 post
1415 2115 1560 2179 praesens
1591 2099 1781 2180 usurpatum.
1835 2099 1965 2164 Nullum
1994 2099 2077 2162 6616

305 2199 500 2262 enuntiatum
522 2201 689 2266 intercedit
710 2202 797 2266 hisce
819 2202 906 2266 locis.
950 2204 980 2278 5,
999 2205 1020 2265 4
1032 2203 1073 2287 fit
1094 2202 1324 2279 contentio,
1351 2203 1442 2265 uter
1463 2202 1579 2284 prius
1606 2203 1772 2283 pontem
1795 2211 1960 2285 66666666.
2005 2203 2035 2278 6,
2057 2203 2077 2264 5

305 2319 392 2364 cum
421 2303 582 2386 aliquot
613 2307 864 2371 cohortibus
897 2310 936 2372 66
965 2307 1147 2390 6661666
1180 2304 1328 2368 666666
1359 2301 1593 2364 circumcludant
1622 2301 1811 2367 Caesaris
1843 2305 2005 2386 equites
2039 2304 2078 2366 et

304 2405 471 2478 66666666,
496 2408 558 2471 666
587 2410 630 2472 66
658 2411 723 2475 vix
751 2411 793 2474 in
815 2427 859 2474 ea
881 2410 999 2474 caede
1021 2409 1140 2493 pauci
1161 2406 1329 2491 66666666.
1374 2409 1430 2484 32,
1453 2409 1472 2472 6
1495 2407 1679 2470 nuntium
1700 2407 1804 2477 661666,
1835 2423 1922 2470 666
1944 2407 2077 2470 66666

305 2507 417 2572 66116
438 2510 601 2576 habere:
625 2513 669 2575 66
687 2513 835 2576 minarent
857 2513 1068 2590 lecticam,
1091 2529 1166 2595 qua
1188 2512 1228 2574 in
1250 2511 1436 2594 oppidum
1459 2509 1615 2574 deferri
1632 2519 1740 2594 posset.
1773 2511 1828 2589 34,
1850 2511 1872 2573 4
1893 2511 2077 2593 11661666

305 2611 468 2696 legatos
493 2614 539 2678 ad
561 2615 775 2680 66666666
797 2617 930 2688 reiterat,
960 2617 1004 2680 66
1031 2617 1115 2682 6661
1144 2616 1335 2699 legiones
1363 2613 1550 2679 subsidio
1571 2613 1785 2676 intromitteret.
1828 2615 1885 2692 38,
1907 2615 1927 2678 6
1949 2615 2077 2678 muni-

305 2715 443 2780 tiones
470 2717 564 2801 iugo
593 2717 741 2800 6166661,
771 2722 814 2783 66
843 2737 967 2803 66666
998 2719 1096 2802 6666
1124 2737 1210 2782 666
1239 2717 1496 2783 adversariis
1526 2717 1718 2800 congredi
1734 2726 1865 2802 possent.
1909 2717 2078 2782 Intercedit

306 2819 503 2883 enuntiatum
523 2822 574 2896 32,
597 2822 615 2885 1
640 2823 815 2884 cerveriam
837 2823 875 2886 in
897 2823 1066 2902 domum,
1089 2841 1161 2906 quo
1182 2824 1272 2886 6666
1293 2821 1474 2898 6616666,
1503 2820 1692 2898 666666,
1715 2839 1814 2903 6666
1836 2819 2010 2896 6611666,
2033 2819 2077 2883 66

306 2920 416 2986 66116
442 2923 633 3007 requirerent.
684 2924 802 2990 Eodem
830 2926 921 2990 modo
951 2925 1066 3008 legitur
1088 2926 1211 3008 tempus
1233 2924 1435 3007 praeteritum
1456 2925 1527 3006 6666
1548 2923 1736 2988 infinitivum
1758 2923 1955 3001 historicum,
1986 2941 2076 3006 quem

306 3021 412 3088 dicunt
446 3028 497 3104 29,
519 3029 538 3091 5
562 3027 707 3094 Nostri
729 3028 851 3100 166661,
878 3027 1068 3094 66666116
1096 3028 1220 3092 66166
1250 3028 1366 3098 timere
1402 3026 1503 3109 6666
1536 3027 1574 3090 66
1616 3044 1701 3090 666
1733 3025 1864 3090 16666
1894 3045 1963 3090 666
1993 3025 2076 3090 166-

305 3127 509 3212 tunaeque
536 3133 675 3196 omnium
704 3132 917 3196 6666666666·
939 3133 997 3197 666.
1046 3133 1137 3209 31,6
1164 3134 1205 3196 66
1233 3132 1305 3196 6116
1334 3131 1483 3194 eximia
1511 3131 1670 3194 virtute
1699 3130 1901 3212 proelium
1923 3129 2076 3206 facere,

306 3231 485 3298 utlocus
507 3235 548 3299 16
570 3237 701 3300 66166
724 3237 768 3300 66
792 3237 1022 3302 subsidium
1044 3235 1243 3299 veniundi
1265 3253 1342 3299 non
1364 3233 1495 3296 dorenrr.

458 3338 583 3415 Restat,
605 3341 642 3402 ut
664 3340 701 3403 ad
722 3341 871 3405 tuendum
894 3340 972 3405 illud
988 3339 1183 3404 enuntiatum
1201 3339 1365 3403 relativum
1383 3338 1450 3416 3,8
1471 3337 1536 3420 666
1556 3337 1595 3400 66
1614 3336 1677 3399 666
1699 3336 1852 3400 6666666
1877 3336 2076 3414 16666666,

308 3436 433 3519 addam,
456 3460 534 3523 quae
556 3442 593 3506 66
614 3443 798 3523 huiusmodi
814 3445 984 3508 enuntiatis
1006 3445 1039 3508 in
1060 3441 1279 3524 perscrutando
1301 3441 1380 3508 libro
1399 3441 1520 3516 inveni3
1547 3437 1803 3523 quemadmodum
1825 3439 1880 3502 alii
1902 3439 2077 3521 scriptores,

308 3542 352 3605 616
368 3561 488 3627 666666
503 3547 602 3610 utitur
624 3547 755 3630 scriptor
771 3549 841 3630 post
854 3565 952 3630 praes.
963 3546 1037 3610 hist.
1049 3545 1187 3627 tempore
1208 3545 1382 3627 praeterito.
1414 3543 1461 3608 Ne
1482 3543 1593 3624 longus
1615 3542 1690 3619 sim,
1712 3559 1808 3624 pauca
1819 3559 1974 3606 enumero.
1990 3545 2075 3619 32,1

309 3647 383 3726 Qui
410 3648 578 3714 illarum
606 3651 785 3734 partium
810 3650 999 3715 lautores
1028 3657 1134 3719 66666,
1158 3648 1333 3710 conveniunt
1361 3647 1401 3711 in
1423 3646 1587 3710 domum.
1629 3645 1723 3722 35,3
1755 3644 1795 3707 66
1816 3645 2075 3709 Lusitaniam

307 3749 504 3834 proficiscitur
527 3754 566 3815 66
595 3753 823 3818 Caecilium
852 3753 1034 3836 Nigrum,
1070 3753 1273 3816 hominem
1299 3751 1529 3826 barbarum,
1567 3747 1611 3812 ad
1643 3747 1839 3811 Lennium
1868 3749 2076 3826 66666666,

308 3854 374 3936 666
396 3854 496 3918 6666
518 3874 699 3939 magnam
720 3875 875 3922 manum
898 3857 1189 3921 Lusitanorum
1212 3852 1337 3916 baberet
1372 3854 1458 3930 36,3
1481 3853 1541 3915 166
1562 3849 1801 3932 erumpendo
1823 3853 1954 3929 navis,
1977 3871 2076 3935 quac

308 3957 354 4022 ad
381 3959 544 4024 Baetim
573 3958 729 4024 116666
751 3958 895 4042 subrent,
922 3958 1091 4021 incendunt.
1157 3961 1215 4035 36,
1243 3959 1265 4021 4
1294 3956 1637 4037 Μ66666666666,
1670 3955 1737 4036 661
1773 3971 1815 4018 ex
1844 3955 2006 4036 6666116
2036 3956 2077 4020 16

309 4062 498 4145 oppidum
520 4059 728 4146 confiderunt,
752 4110 760 4128 ·
782 4111 789 4128 .
809 4111 817 4128 .
839 4065 938 4128 6666
963 4062 1085 4128 66161
1113 4060 1372 4125 6661616666
1393 4056 1524 4140 socium.
1576 4059 1627 4134 38,
1651 4058 1666 4120 1
1692 4057 1854 4140 6661666
1877 4057 1916 4120 66
1938 4059 2076 4122 66666-

309 4167 387 4242 166,
410 4184 507 4250 6666
529 4166 573 4230 66
594 4166 918 4250 666666666666
939 4165 1175 4238 retractassent,
1208 4163 1545 4249 speculatoribus
1567 4163 1813 4228 antemissis
1835 4161 2075 4248 certioresfiarrt.

309 4269 472 4334 Praeterea
496 4270 617 4335 Krauer
640 4272 674 4348 3,
696 4270 716 4334 8
742 4270 828 4354 prius
857 4289 993 4353 prope,
1024 4269 1103 4353 quod
1134 4271 1183 4335 est
1214 4270 1286 4333 ante
1315 4287 1455 4351 magna
1479 4285 1586 4352 6666,
1621 4267 1710 4330 66616
1740 4265 1883 4341 66616666,
1912 4264 2076 4346 Mueller&

309 4373 413 4436 autem
436 4376 609 4458 suspicatus
623 4377 684 4454 est,
707 4375 805 4441 166666
824 4375 930 4440 6666.
959 4375 1108 4458 Legimus
1127 4373 1290 4457 quidaml,
1306 4375 1336 4436 2.
1358 4375 1408 4450 22,
1425 4373 1454 4436 6.
1475 4371 1526 4449 35,
1538 4373 1567 4434 2.
1591 4371 1642 4447 35,
1653 4372 1682 4434 3.
1703 4369 1755 4446 46,
1765 4370 1794 4432 2.
1815 4366 1914 4432 6666
1935 4387 2077 4452 magna

309 4495 466 4557 manus,
488 4479 522 4554 4,
549 4481 568 4542 3
591 4481 623 4542 66
646 4480 698 4557 15,
720 4483 739 4544 6
763 4480 862 4544 6666
889 4497 1032 4562 magna
1059 4477 1297 4555 multitudo,
1322 4477 1375 4552 12,
1396 4475 1417 4538 4
1439 4475 1537 4538 6666
1565 4491 1750 4554 magnum
1778 4471 1951 4555 tempus,
1976 4474 2024 4550 13,
2046 4475 2076 4538 4.

311 4581 361 4658 16,
382 4582 402 4644 2
423 4580 522 4644 6666
547 4599 688 4662 magna
709 4601 814 4666 6666,
837 4583 942 4648 tamen
963 4581 1036 4646 hinc
1058 4601 1119 4648 666
1142 4578 1420 4666 6666166666616
1442 4595 1560 4661 quoque
1582 4575 1777 4641 scribendum
1799 4575 1969 4640 6666666.
2010 4577 2077 4639 Iam

309 4681 407 4748 altero
437 4701 555 4767 prope
584 4702 603 4748 a
630 4684 755 4750 librario
782 4687 887 4770 166666
915 4687 988 4750 ante
1017 4688 1159 4770 captos
1188 4702 1279 4750 6666
1307 4683 1439 4767 repetito
1460 4681 1654 4767 perspicuum
1682 4679 1735 4757 fit,
1763 4679 1795 4744 in
1826 4677 2078 4744 antecedentibus

462 4923 490 4992 1)
508 4923 555 4980 cfr.
575 4923 718 4992 Procksch,
740 4923 784 4978 dic
803 4923 960 4981 Consecutio
977 4929 1125 4995 temporum
1145 4923 1188 4980 666
1206 4925 1311 4980 Caesar.
1348 4921 1458 4990 Leipzig
1476 4919 1552 4988 1814,
1570 4937 1596 4990 p.
1617 4921 1656 4975 12.

461 5011 490 5084 2)
508 5011 614 5081 Mulier,
633 5011 701 5068 Krit.
722 5011 926 5080 Bemerkungen
947 5028 981 5067 ru
998 5012 1043 5066 lat.
1063 5011 1238 5078 Prosailrem,
1260 5009 1457 5078 Landsbcrga.
1475 5009 1517 5064 11.
1536 5008 1611 5064 1865.
