4562 5778
244 390 264 454 2

244 555 364 636 longe
392 550 572 634 plurima
600 551 639 616 in
660 551 847 616 oratione
870 549 935 616 hic
956 551 1064 618 liber
1085 555 1208 624 hahet
1230 556 1474 643 peculiaria,
1503 552 1620 624 valde
1647 555 1807 642 quidem
1835 549 1912 622 ille
1934 571 2013 621 me-

244 675 474 740 morabilia.
515 674 587 738 ideo
610 673 813 757 Nipperdeius
835 673 867 738 in
890 673 1081 756 praefatione
1102 679 1183 744 haud
1204 699 1301 763 pauca
1322 680 1449 764 collegit
1470 682 1604 746 sermoni
1625 681 1661 745 B.
1675 679 1894 763 leeculiaria
1916 697 2014 760 neque

243 801 349 862 tamen
384 797 547 862 materiem
580 797 626 860 ita
660 797 815 874 exhausit,
855 798 890 862 ut
929 799 1046 874 omnia,
1086 819 1163 882 quae
1194 804 1365 868 memoratu
1403 803 1496 886 digna
1534 803 1684 880 videntur,
1724 802 1856 866 afferret.
1907 802 2013 884 Itaque

243 927 324 992 mihi
343 927 377 989 in
399 925 502 988 animo
524 924 602 998 erat,
633 924 690 986 hoc
719 921 825 986 libello
846 939 1019 991 sermonem
1047 923 1205 1006 scriptoris
1228 925 1263 989 B.
1284 926 1323 988 H.
1346 926 1487 990 scemate
1508 925 1649 1008 persequi
1671 925 1762 1006 atque
1785 921 1946 1006 praecipue
1968 939 2014 998 66,

245 1066 322 1132 quae
343 1047 528 1128 comparatis
556 1045 626 1110 aliis
655 1044 803 1108 cotidiani
826 1045 976 1109 sermonis
1007 1048 1208 1132 scriptoribus
1229 1049 1302 1111 huic
1323 1048 1486 1112 tribuenda
1508 1065 1575 1113 esse
1597 1047 1783 1122 uiderentur,
1814 1043 1960 1126 colligere
1982 1045 2015 1106 et

245 1188 434 1253 componere.
478 1169 537 1233 Sed
560 1167 724 1233 obstabant
745 1185 815 1230 curn
838 1169 904 1251 ipse
927 1187 1044 1247 sermo,
1074 1171 1141 1235 tum
1162 1170 1328 1234 deterrima
1351 1169 1490 1236 codicum
1511 1169 1662 1246 conditio,
1688 1169 1852 1252 quominus
1874 1167 2013 1251 quaestio

244 1311 385 1378 prospere
405 1291 588 1375 procederet
633 1289 819 1374 Saepissime
839 1291 922 1355 enim
944 1292 1121 1370 haerebam,
1144 1293 1264 1368 utrum,
1286 1309 1364 1374 quae
1386 1291 1548 1374 legissem,
1570 1292 1694 1356 omnino
1717 1291 1755 1355 ab
1772 1290 1897 1355 homine
1917 1289 2014 1354 latine

245 1418 387 1501 loquente
409 1417 455 1480 116
475 1414 602 1498 possent
625 1431 692 1478 esse
713 1413 841 1497 scripte,
873 1431 914 1476 au
938 1416 1029 1480 rerba
1051 1433 1069 1479 a
1091 1415 1184 1480 solite
1206 1413 1326 1478 dicendi
1347 1413 1466 1479 ratione
1493 1413 1583 1498 longe
1607 1413 1797 1478 discedentia
1819 1412 2013 1477 librariorum

245 1542 428 1607 deberentur
450 1538 664 1622 neglegentiae
687 1539 719 1600 61
740 1537 931 1602 inscientiae.
975 1539 1016 1602 h't
1038 1556 1108 1602 cum
1138 1557 1229 1620 quarn
1256 1519 1398 1621 plurimis
1427 1536 1504 1602 locis
1533 1537 1657 1619 peribus
1679 1538 1733 1600 aut
1755 1538 1837 1600 certe
1860 1535 2014 1602 similibus

246 1687 281 1730 61
304 1667 371 1748 ipso
391 1664 470 1727 libro
493 1661 648 1744 congestis
669 1659 851 1743 collatisque
873 1659 1111 1737 intellexissem,
1142 1661 1290 1725 nonnullo
1312 1678 1379 1726 esse
1406 1660 1587 1725 emendandi
1608 1659 1776 1743 praesidia,
1806 1679 1868 1724 non
1889 1661 1954 1724 16111
1978 1676 2013 1722 ox

245 1787 335 1852 libris
354 1784 589 1866 manuscriptis,
611 1802 757 1866 1111611161
779 1783 877 1866 ipsius
899 1784 1057 1866 scriptoris
1080 1801 1220 1848 sermone
1242 1783 1428 1866 quaerenda,
1451 1801 1528 1865 quae
1548 1784 1585 1847 ab
1600 1782 1768 1846 editoribus
1790 1783 1938 1866 aliisque,
1961 1781 2014 1864 qui

246 1909 318 1972 huic
339 1907 417 1972 libro
438 1905 629 1971 restituendo
651 1923 774 1988 operam
797 1905 1057 1988 impertivisscnt,
1087 1925 1147 1970 non
1177 1907 1254 1970 satis
1285 1907 1388 1972 essent
1417 1908 1576 1990 perspecta
1604 1907 1636 1970 61
1664 1906 1818 1982 adhibita,
1842 1897 1954 1988 ¹meque
1981 1905 2013 1968 in

247 2029 445 2094 emendandis
473 2029 631 2111 scriptoris
657 2029 758 2092 verbis
786 2028 902 2111 aliquid
931 2028 1098 2112 profecisse
1127 2045 1294 2110 sperarem,
1325 2029 1445 2094 11111616
1474 2029 1602 2094 oonsilio
1628 2029 1716 2092 edere
1745 2027 1908 2104 constitui,
1938 2044 2014 2109 quas

246 2171 357 2237 pravae
372 2154 548 2236 scripturae
570 2152 706 2216 medelas
728 2152 882 2217 invenisse
903 2151 982 2215 mihi
1011 2151 1139 2215 uiderer.
1186 2149 1374 2227 Accedebat,
1404 2150 1439 2212 ut
1465 2147 1563 2232 ipsius
1586 2147 1745 2231 scriptoris
1766 2163 1906 2210 sermone
1929 2144 2014 2220 duce,

248 2298 324 2363 quac
353 2278 592 2362 aNipperdeio,
625 2278 779 2355 Kranero,
808 2278 942 2354 Kochio,
972 2277 1043 2342 aliis
1071 2278 1104 2342 in
1132 2277 1355 2341 dubitationem
1381 2277 1489 2342 vocata
1511 2275 1628 2353 essent,
1663 2274 1708 2338 sic
1737 2271 1925 2354 ascriptore
1947 2286 2014 2332 esse

247 2400 386 2484 profecta
407 2400 488 2464 haud
509 2418 577 2464 raro
599 2400 678 2464 mihi
704 2399 927 2483 persuaderem.
980 2401 1029 2464 Ita
1054 2417 1125 2464 1616
1149 2399 1267 2463 factum
1293 2399 1355 2474 est,
1385 2397 1421 2461 ut
1446 2397 1516 2479 plus
1539 2395 1636 2460 semel
1656 2395 1739 2460 ultra
1758 2393 1836 2458 fines
1857 2409 2014 2456 commen·

248 2524 377 2588 tationis
399 2523 524 2618 criticae
548 2541 689 2605 egressus
711 2523 869 2606 complura
891 2523 1091 2606 attingerem,
1114 2541 1191 2606 quae
1214 2519 1388 2603 spectarent
1407 2520 1440 2583 in
1460 2519 1636 2584 universum
1659 2517 1834 2582 addicendi
1852 2517 2013 2591 rationem,

248 2663 325 2728 quae
347 2644 504 2709 invenitur
526 2644 558 2707 iu
580 2644 616 2707 Β.
638 2644 691 2720 H,
725 2661 818 2726 quam
846 2643 1022 2708 libertatem
1043 2643 1168 2726 pristini
1190 2644 1252 2706 moi
1274 2643 1413 2706 instituti
1444 2660 1562 2706 memor
1595 2659 1633 2705 ue
1654 2641 1791 2723 grauiter
1816 2638 1913 2717 feras,
1943 2641 2013 2721 peto

248 2787 428 2852 quaesoque.
451 2839 456 2856 ,
478 2766 661 2843 Permultis,
692 2784 767 2848 quas
796 2765 1014 2848 Nipperdeius,
1044 2766 1178 2842 Kraner,
1214 2766 1389 2848 Madvigius
1424 2765 1607 2830 notaverunt
1638 2761 1927 2846 interpolationibus
1959 2779 2013 2842 per

248 2891 349 2955 toturn
378 2890 491 2954 librum
519 2889 748 2954 occurrentibus
771 2888 934 2952 nonnullas
957 2889 1063 2952 adieci
1116 2887 1211 2954 Novis
1234 2887 1416 2952 emendandi
1444 2887 1606 2969 praesidiis
1628 2905 1663 2948 er
1687 2886 1763 2968 ipsis
1786 2884 1874 2949 libris
1904 2902 2013 2948 mauu-

249 3017 374 3098 scriptis
396 3015 530 3092 haustis,
553 3015 585 3078 id
607 3013 686 3095 quod
709 3013 810 3089 doleo,
834 3031 893 3074 uon
917 3031 985 3076 sum
1007 3010 1140 3074 adiutus.
