4562 5778
1926 370 1967 434 25

189 531 366 595 coniectura
386 528 646 611 repellerent
668 545 723 594 nos
747 527 826 594 nihil
847 526 1002 612 proficere.
1045 529 1153 612 Itaque
1175 530 1277 596 locum
1299 549 1388 596 cruce
1409 533 1552 616 apposita
1579 536 1756 618 corruptum
1780 556 1848 605 esse
1870 537 1969 620 etgni·

156 669 165 678 -
188 633 310 708 boarit,
336 632 582 698 emendationem
604 651 665 698 non
685 633 829 698 tentarit
872 633 994 698 Krauer
1015 632 1083 700 adr.
1105 635 1174 698 crit.
1197 635 1298 700 LXIII
1319 635 1498 718 Nipperdeii
1521 641 1821 720 argumentationem
1844 644 1969 708 secutus

188 755 256 800 esse
281 735 413 810 videtur,
442 736 601 818 cumipse
623 736 785 819 repudiata
811 735 980 817 Glandurpi
1001 737 1178 802 coniectura
1205 738 1268 802 alia
1290 739 1334 804 ibi
1357 740 1471 822 scripta
1493 741 1592 806 fuisse
1615 743 1706 808 dicat
1749 745 1808 810 Sed
1830 749 1867 812 ut
1889 747 1970 812 falsa

189 842 238 904 est
264 838 445 921 Nipperdeii
473 841 715 921 argumentatio,
750 840 796 904 ita
822 859 883 906 uno
913 841 1039 922 excepto
1069 843 1314 924 repeterent
1338 844 1459 908 codices
1490 845 1643 912 sinceram
1672 848 1838 916 lectionem
1865 869 1969 916 serra-

189 945 306 1008 verunt.
351 943 429 1006 Vide
451 943 549 1018 euim,
572 961 648 1010 num
669 963 741 1010 vero
763 945 881 1010 tuerint
903 946 967 1008 tres
990 946 1113 1008 tautum
1134 946 1355 1012 Lusitanorum
1377 953 1491 1031 partes.
1534 952 1677 1034 Explicat
1698 956 1803 1020 autem
1826 957 1968 1039 scriptor,

190 1049 356 1112 buoitonoa
378 1047 412 1110 et
437 1045 568 1112 iusidias
590 1047 731 1129 posuisse
752 1049 785 1112 et
804 1048 961 1130 tripertito
990 1050 1080 1132 signa
1101 1050 1307 1116 distribuisse.
1359 1053 1477 1130 Quibus
1499 1057 1648 1139 expositis
1677 1059 1731 1140 qui
1754 1060 1879 1124 tandem
1902 1061 1968 1126 fieri

189 1153 306 1234 potest,
328 1151 364 1214 ut
386 1149 530 1214 nonnisi
551 1151 615 1216 tres
640 1150 738 1216 fuisse
760 1153 864 1234 partes
887 1154 1069 1236 scriptorem
1088 1155 1258 1236 explicasse
1278 1157 1461 1222 arbitreris?
1482 1158 1564 1224 Nam
1584 1162 1729 1243 quattuor
1745 1161 1843 1226 iuisse
1864 1167 1969 1246 partes

188 1275 249 1322 uon
272 1254 373 1320 solum
393 1272 428 1318 ex
451 1254 528 1337 ipsis
544 1257 704 1338 scriptoris
727 1257 831 1322 verbis
853 1257 970 1332 elucet,
993 1257 1046 1322 sed
1063 1258 1160 1322 etiam
1177 1277 1212 1322 ex
1229 1279 1355 1325 numero
1371 1262 1521 1344 partium,
1546 1283 1622 1347 quas
1638 1265 1781 1348 deinceps
1797 1269 1968 1332 enumeret.

189 1358 296 1422 Prima
324 1375 395 1440 pars
427 1361 476 1422 est
504 1376 624 1436 eorum,
654 1361 707 1444 qui
737 1361 867 1426 insidias
896 1361 1028 1444 ponant,
1058 1360 1225 1442 distinguit
1253 1367 1337 1430 euim
1368 1384 1420 1431 eos
1451 1368 1582 1450 scriptor
1611 1368 1649 1432 ab
1679 1369 1720 1432 iis
1750 1370 1863 1452 siguis,
1891 1389 1967 1453 quae

189 1463 345 1546 tripartito
368 1465 441 1528 suut
463 1465 639 1530 distributa
682 1465 874 1543 1111111111,
897 1466 951 1548 qui
975 1483 1069 1530 naves
1091 1467 1272 1543 incendant,
1295 1471 1402 1546 tertia,
1425 1471 1495 1552 qui,
1518 1472 1546 1536 si
1568 1491 1628 1554 qua
1649 1491 1759 1536 manus
1782 1491 1818 1536 ex
1837 1473 1967 1538 castello

190 1568 317 1632 neribus
345 1568 482 1634 incensi·
504 1569 618 1634 auxilio
640 1570 760 1646 reniet,
790 1572 847 1636 bos
869 1569 1040 1652 depellant,
1074 1571 1197 1652 quarta,
1229 1591 1306 1656 quae
1328 1574 1395 1638 acie
1417 1575 1569 1640 Instructo
1591 1577 1812 1660 progrediatur,
1838 1579 1966 1642 Didium

189 1671 227 1736 ad
246 1672 444 1754 pugnandum
467 1671 631 1748 sollicitet,
660 1675 749 1756 signo
770 1674 841 1738 dato
873 1692 906 1738 se
928 1675 961 1738 in
991 1673 1098 1756 fugam
1121 1674 1268 1738 conferat.
1318 1673 1368 1738 Ad
1389 1674 1522 1756 primam
1543 1677 1664 1756 partem
1684 1676 1854 1758 respiciunt
1875 1677 1968 1742 verba

189 1776 246 1856 §3
269 1777 452 1842 insidias
477 1779 631 1858 ponunt
660 1779 692 1840 et
713 1778 733 1859 p
754 1779 773 1840 5
796 1779 951 1842 extremae
982 1797 1001 1842 a
1030 1780 1149 1860 tergo
1179 1778 1363 1842 insidiae
1394 1778 1570 1844 clamore
1600 1779 1765 1844 sublato
1794 1781 1966 1845 eircum-

189 1881 589 1958 1111111111,11111111111
614 1883 907 1965 erantparati,
930 1883 997 1965 qui
1021 1901 1142 1948 nares
1165 1881 1438 1948 incenderent
1462 1883 1647 1948 etuaree
1675 1883 1967 1958 incenduntur,

187 1984 225 2048 ad
246 1986 371 2050 tertiam
401 1986 670 2068 incensisque
700 1987 767 2069 qui
797 1988 1028 2054 subsidium
1059 1991 1314 2072 repeterent,
1345 1989 1383 2052 de
1411 1988 1522 2072 quibus
1550 1991 1679 2072 posthac
1701 2007 1762 2054 uon
1785 1991 1966 2062 1111111111,

188 2090 261 2170 quia
281 2091 412 2156 naribus
434 2091 571 2156 incensis
593 2110 628 2154 11
651 2091 780 2156 castello
803 2112 864 2157 non
887 2096 936 2158 est
955 2095 1088 2158 missum
1110 2094 1275 2170 auxilium,
1305 2094 1343 2158 ad
1366 2095 1507 2177 quartam
1523 2093 1761 2176 ¹conspectu
1789 2093 1965 2157 omnium

189 2193 235 2256 ad
254 2212 426 2276 pugnam
448 2196 705 2260 contendunt
726 2197 759 2260 et
780 2196 915 2260 eodem
939 2198 1057 2279 signo
1081 2198 1299 2280 fugientes
1322 2197 1510 2262 latrones
1542 2198 1630 2262 dum
1651 2199 1964 2281 persequuntur.

189 2296 296 2378 Itaque
321 2297 442 2363 sublato
464 2317 607 2382 perverso
630 2299 685 2374 in,
716 2299 795 2382 quod
817 2302 888 2383 post
910 2302 1156 2385 incenisque
1178 2302 1316 2385 irrepsit,
1346 2303 1374 2366 si
1398 2321 1453 2384 pro
1482 2303 1722 2384 repeterent
1741 2300 1851 2366 scribis
1871 2317 1964 2383 pro·

188 2398 391 2479 petierent
406 2402 500 2485 [quud
522 2403 678 2488 praeterae
698 2403 792 2468 velim
814 2405 863 2468 iili
885 2404 1066 2488 Giandorpii
1088 2408 1283 2474 coniecturae
1304 2407 1578 2490 repellerent,
1599 2406 1744 2490 quoniam
1767 2404 1860 2488 paulo
1883 2405 1965 2470 inira

187 2502 319 2584 legimus
347 2504 408 2584 §5
438 2505 501 2570 Ita
531 2523 615 2568 cum
648 2523 689 2570 ex
722 2507 900 2572 castello
932 2508 1080 2574 Didius
1111 2512 1155 2574 ad
1186 2509 1495 2594 propellendum
1527 2510 1837 2591 processisset],
1860 2511 1965 2574 omnia

185 2608 361 2676 rectissime
384 2610 465 2672 sunt
508 2609 689 2678 Extremum
713 2611 775 2684 est,
798 2611 836 2673 ut
862 2609 989 2688 addam,
1018 2631 1177 2696 perperam
1208 2615 1241 2678 in
1269 2615 1357 2678 nuris
1384 2613 1571 2678 editionibus
1593 2613 1728 2695 positum
1752 2631 1820 2676 esse
1842 2631 1964 2676 ceroma

185 2711 408 2794 intersigno
432 2716 464 2776 ei
486 2714 501 2776 1
507 2733 526 2777 u
534 2715 713 2795 gientes,
736 2734 796 2798 quo
818 2717 975 2781 sententia
996 2720 1154 2784 evertitur.
1198 2719 1322 2783 ldtenIm
1345 2736 1416 2780 cum
1440 2716 1562 2797 signum
1586 2715 1783 2780 ebusitanis
1806 2715 1962 2780 sublatum

187 2832 247 2878 uon
271 2816 371 2880 sotum
403 2817 510 2880 datum
540 2819 622 2882 esset
651 2819 706 2896 iis,
738 2819 791 2901 qui
821 2820 854 2884 in
884 2821 1007 2886 insidiis
1036 2824 1151 2900 erant,
1169 2823 1223 2888 sed
1244 2823 1355 2896 etiam,
1384 2821 1436 2904 qui
1465 2821 1497 2884 in
1520 2820 1586 2884 acie
1615 2820 1753 2898 stabant,
1783 2822 1818 2882 ut
1839 2821 1963 2894 scirent,

186 2920 309 3000 tempus
331 2937 400 2988 esse
421 2920 574 3002 fugiendi,
601 2925 667 2987 arte
688 2925 854 2988 cohaerent
873 2926 1010 2989 eodem
1034 2928 1152 3008 signe
1179 2929 1212 2990 ct
1239 2925 1462 3008 fugientes.
1506 2925 1614 3006 Itaque
1636 2923 1711 2986 tolle
1731 2922 1809 2986 illud
1832 2942 1962 2986 comma.

338 3023 425 3099 XLI,
450 3026 477 3088 l.
520 3026 671 3092 Iiabius
694 3028 908 3106 Maximus,
936 3047 1049 3112 quem
1080 3031 1125 3094 ad
1154 3031 1339 3095 Mundam
1369 3027 1621 3112 praesidium
1651 3026 1962 3109 oppugnandum

185 3123 432 3208 reliquerat,
464 3131 658 3212 operibus
690 3132 874 3198 assiduis
902 3133 1120 3218 lurnisquc
1150 3136 1304 3198 circum
1337 3152 1378 3198 se
1410 3133 1662 3197 interclusis
1696 3134 1808 3196 inter
1833 3151 1873 3196 se
1896 3132 1961 3194 de-

186 3251 351 3298 cernere
380 3235 494 3299 11111
523 3235 644 3300 11111
667 3236 769 3300 bene
790 3255 935 3319 magua
960 3237 1132 3303 faciunt.
1182 3241 1298 3302 Locum
1328 3255 1395 3300 esee
1425 3239 1619 3320 corruptum,
1652 3237 1683 3300 in
1712 3235 1873 3319 propatulo
1903 3235 1960 3298 est.

184 3337 388 3421 Nipperdeius
408 3359 468 3403 non
492 3341 640 3416 teutarit3
671 3341 791 3406 Kraner
813 3342 903 3406 uerbo
934 3343 1203 3425 praesidium,
1231 3343 1344 3425 quippe
1366 3341 1446 3423 quod
1467 3341 1591 3404 illatum
1615 3341 1698 3404 esset
1720 3357 1755 3402 er
1783 3359 1809 3402 c.
1832 3339 1872 3401 32
1893 3338 1961 3419 qui

186 3441 373 3524 oppidum
395 3443 579 3507 Mundam
604 3444 684 3508 sibi
707 3446 1036 3510 constituissent
1056 3447 1309 3528 praesidium
1332 3447 1421 3509 uncis
1437 3445 1557 3510 secluso
1579 3443 1766 3508 Mundam
1783 3463 1959 3525 oppugnen-

188 3543 258 3608 dam
280 3547 419 3630 scripsit,
442 3547 523 3612 baud
545 3549 644 3624 recte,
666 3550 750 3630 pute.
783 3550 906 3613 idteuim
930 3551 957 3614 si
979 3553 1121 3613 accurate
1143 3551 1256 3614 librum
1279 3550 1559 3632 percensuerimus,
1582 3549 1692 3631 quibus
1713 3549 1813 3612 modis
1833 3549 1961 3630 usurpet

189 3647 315 3730 scriptor
335 3651 372 3716 B.
394 3651 435 3714 Η.
455 3653 706 3733 praesidium
737 3654 879 3730 uerbum,
909 3655 1129 3730 iudicabimus,
1159 3655 1312 3720 sinceram
1343 3671 1411 3718 osse
1441 3654 1608 3717 lectionem
1631 3651 1780 3718 codicum.
1830 3652 1876 3716 Ae
1898 3671 1959 3715 non

187 3752 284 3818 solum
313 3755 359 3820 ita
389 3755 497 3831 utitur,
524 3757 560 3819 ut
588 3757 632 3820 sit
659 3759 798 3821 nostrum
829 3758 959 3834 Subota,
989 3758 1101 3834 Hiilie,
1131 3759 1270 3840 Rettrmg
1290 3761 1325 3833 6,
1343 3759 1374 3822 4.
1425 3759 1460 3833 8,
1482 3759 1511 3822 6.
1554 3759 1611 3833 22,
1634 3759 1661 3820 1.
1704 3757 1761 3833 38,
1781 3759 1811 3820 6.
1853 3757 1909 3830 39,
1934 3758 1960 3819 1.

185 3858 384 3942 Redeeirung,
411 3860 632 3926 Sebutarraobe
652 3863 687 3936 2,
708 3863 739 3926 4.
778 3865 813 3938 6,
835 3863 865 3927 t.
898 3865 956 3938 22,
978 3863 1007 3926 3.
1050 3861 1492 3943 Bosetaungsmaunscbait3,
1516 3863 1544 3924 1.
1578 3863 1634 3938 22,
1656 3863 1686 3924 6.
1719 3861 1822 3936 25,1.
1855 3861 1906 3934 27,
1929 3861 1958 3922 4.

184 3966 235 4041 35,
260 3967 287 4029 1.
318 3966 420 4042 312.
455 3967 505 4042 35,
528 3967 558 4029 4.
601 3967 652 4041 26,
675 3968 703 4030 6.
746 3968 797 4042 21,
820 3967 848 4030 5.
894 3969 921 4042 1,
944 3967 973 4029 2.
1009 3967 1035 4042 I,
1057 3967 1086 4029 4.
1123 3967 1152 4040 1,
1175 3967 1204 4029 6.
1249 3967 1277 4040 1,
1301 3967 1328 4029 7.
1350 3965 1476 4030 omnino
1498 3965 1641 4047 Truppeu
1666 3965 1693 4040 l,
1716 3966 1746 4028 2.
1778 3965 1829 4040 30,
1853 3963 1957 4038 used

183 4069 279 4134 etiem
294 4069 331 4132 ut
344 4067 426 4136 idem
448 4065 617 4149 significet,
638 4067 729 4148 atque
750 4069 891 4132 1111111111
914 4067 1054 4145 81111111,
1076 4069 1332 4132 Ζυ111111111111111
1353 4071 1404 4144 32,
1431 4070 1444 4132 1
1470 4069 1538 4151 qui
1560 4068 1750 4151 oppidum
1772 4067 1956 4132 Mundam

183 4167 264 4235 sibi
301 4172 633 4238 constituissent
666 4171 932 4252 praesidium.
982 4175 1057 4249 6,l
1098 4175 1157 4237 ita
1186 4175 1231 4238 ad
1261 4176 1331 4258 (ego
1363 4175 1515 4258 supplevi)
1546 4173 1836 4238 firmissimum
1867 4171 1956 4234 eius

182 4275 437 4355 praesidium
459 4275 659 4358 Ateguam
683 4275 985 4356 proficiscitur.
1030 4279 1085 4353 32,
1108 4278 1126 4338 5
1150 4279 1195 4342 ad
1219 4279 1362 4344 navale
1384 4278 1639 4362 praesidium
1749 4276 1955 4340 Carteiam

183 4379 406 4444 contendit
439 4381 542 4444 Idtiam
563 4381 621 4444 boc
642 4379 708 4446 loeo
728 4380 774 4446 ita
794 4382 975 4462 usurpatum
998 4383 1046 4445 est
1066 4399 1164 4465 neque
1181 4384 1370 4448 correctione
1391 4384 1521 4466 indiget.
1551 4383 1635 4462 Quae
1650 4382 1787 4466 proxirne
1801 4385 1955 4458 secuntur,

183 4481 284 4546 IIocbi
306 4499 398 4565 opero
426 4483 459 4546 in
485 4483 641 4565 integrum
670 4483 744 4548 suot
772 4484 934 4560 restituta3
965 4485 1160 4549 scribendum
1190 4489 1350 4572 proposuit
1377 4487 1398 4552 1.
1420 4507 1445 4552 s.
1474 4489 1535 4552 829
1565 4487 1759 4569 operibus
1792 4486 1954 4550 diurnis

183 4589 516 4670 nocturnisque¹)
546 4585 614 4674 [111.
637 4590 728 4665 17,3
760 4591 978 4654 nocturnis
1011 4592 1253 4674 diurnisque
1286 4591 1509 4674 operibus],
1540 4590 1593 4654 ubi
1626 4609 1696 4656 cum
1725 4591 1844 4654 Kochiu
1873 4591 1954 4655 11111

182 4693 375 4774 operibus
404 4713 423 4758 a
450 4693 635 4776 Nipperdeio
664 4713 823 4778 perperam
852 4697 884 4760 iu
914 4697 1169 4778 temporibus
1202 4697 1357 4760 mutatum
1378 4695 1541 4758 retinente.
1594 4693 1654 4758 Sed
1677 4696 1772 4759 etium
1796 4714 1846 4770 ea,
1876 4713 1953 4778 quae

182 4797 273 4862 uerba
302 4798 466 4862 emendata
493 4797 664 4880 excipiunt,
694 4799 807 4864 misere
836 4803 909 4865 eunt
929 4801 1072 4864 lacerate.
1127 4801 1169 4866 ut
1190 4801 1315 4864 initium
1345 4797 1458 4860 faciam
1488 4815 1506 4860 a
1535 4799 1637 4882 eapite
1665 4800 1763 4864 totius
1789 4799 1953 4874 enuntiati,
1995 4801 2000 4810 '

335 5021 360 5087 1)
379 5019 426 5075 cfr.
447 5021 546 5074 Caesar
565 5017 590 5073 d.
610 5017 633 5072 b.
653 5017 685 5071 G.
709 5022 731 5082 1,
749 5018 796 5084 38,
816 5021 839 5073 1.

1782 5131 1799 5184 4
