4562 5778
306 369 347 432 20

306 549 426 615 prope
452 531 587 596 nostri
610 529 868 596 diffiderent
889 531 1104 596 victoriae.
1146 531 1196 596 Ad
1218 551 1308 598 usum
1331 528 1491 597 laboris
1515 531 1655 598 vocabuli
1678 530 2023 608 7710777117775,
2041 533 2090 596 19.

309 640 337 712 7,
362 640 412 700 20.
444 639 472 712 7,
494 638 543 700 85.
576 638 604 712 7,
628 637 678 700 88.
708 635 748 698 id.
771 634 799 699 b.
822 655 847 697 c.
873 636 899 710 1,
923 635 972 698 78.
1010 637 1045 710 2,
1067 634 1118 696 41.
1156 635 1185 710 3,
1209 634 1238 696 5.
1274 635 1304 710 3,
1326 635 1376 696 26.
1410 633 1439 708 4,
1461 634 1490 696 2.
1523 635 1553 708 6,
1576 635 1626 696 41.
1660 634 1688 708 7,
1710 635 1761 696 20.
1798 634 1827 708 7,
1850 633 1900 696 83.
1937 635 1966 709 7,
1990 635 2039 698 86.

460 742 564 817 XXX,
585 743 604 804 3
635 739 744 818 Quod
764 758 847 802 curu
869 757 887 802 a
910 737 1085 802 Caesare
1109 739 1221 801 esset
1244 736 1588 812 animadversum,
1611 757 1656 800 ne
1680 737 1776 820 quid
1799 738 1949 801 temere
1972 736 2092 818 culpa

308 866 430 911 secus
452 845 762 918 admitteretur,
786 861 870 905 oum
894 841 1026 905 locum
1048 841 1231 905 definire
1262 841 1410 924 coepit.
1454 841 1549 906 Recte
1573 841 1672 904 sensit
1694 841 1833 904 Kochius
1855 840 1874 904 l.
1898 859 1922 904 s.
1945 841 2006 904 626
2030 859 2091 904 non

308 951 447 1033 prolecta
470 969 537 1013 esse
560 969 577 1012 a
606 948 754 1030 scriptore
784 946 916 1010 locum
951 944 1150 1020 17777717,
1185 945 1237 1008 7711
1260 947 1382 1024 metuo,
1405 966 1443 1010 ne
1465 947 1615 1011 erraverit
1636 949 1765 1030 putans,
1788 947 1891 1012 ortum
1914 945 1945 1008 id
1965 963 2033 1008 esse
2054 964 2091 1008 er

310 1053 541 1118 defendere.
594 1051 853 1116 Defendeudi
883 1052 967 1114 eninr
989 1051 1115 1116 verbum
1146 1051 1214 1114 tum
1237 1049 1360 1112 77771111
1383 1069 1438 1115 777
1462 1052 1511 1115 est
1539 1051 1622 1128 loco,
1651 1071 1721 1114 cum
1744 1051 1908 1134 opponitur
1939 1069 2092 1134 oppug-

311 1157 434 1222 nandi
456 1158 504 1220 171
527 1156 799 1240 aggrediendi
821 1157 922 1221 verbo.
966 1157 1081 1220 Hostes
1112 1156 1232 1232 autem,
1267 1155 1360 1219 sicuti
1382 1154 1536 1238 intelligis
1558 1173 1593 1218 71
1617 1155 1825 1238 superioribus
1848 1154 2001 1228 versibus,
2030 1153 2092 1216 im-

310 1264 415 1346 petum
438 1261 572 1325 noudum
595 1260 824 1336 77771·7117,7717
848 1260 1049 1324 Caesarianos
1071 1260 1350 1343 appropinquantes
1373 1259 1592 1342 exspectabant
1614 1259 1669 1341 [77.
1690 1261 1741 1336 29,
1764 1261 1783 1322 8
1807 1275 1936 1341 neque
1958 1259 2092 1321 tamen

311 1365 382 1428 illi
413 1384 431 1428 7
461 1384 531 1428 777
561 1363 864 1428 consuetudine
895 1363 1181 1440 discedebant,
1213 1364 1256 1426 ut
1284 1363 1354 1426 aut
1382 1363 1427 1427 ab
1456 1361 1617 1427 7177777
1649 1362 1738 1426 1777
1767 1363 1835 1426 777
1869 1363 1914 1426 ab
1944 1361 2092 1446 oppido

311 1469 578 1532 discederent
601 1470 632 1532 ct
653 1467 745 1551 paulo
767 1469 838 1550 post
860 1468 1093 1532 adversarii
1115 1467 1378 1550 patrocinari
1400 1467 1489 1531 loco
1512 1467 1656 1550 iniquo
1685 1485 1760 1531 non
1784 1466 1989 1530 desinunt.
2026 1466 2090 1529 Ita·

311 1589 385 1654 que,
409 1570 436 1634 si
458 1569 640 1634 definire
663 1587 724 1632 uon
742 1567 914 1652 profectum
933 1573 981 1634 est
1002 1589 1020 1634 7
1042 1569 1191 1652 scriptore
1207 1569 1243 1632 Β.
1255 1570 1294 1634 Η.
1311 1569 1537 1634 restituendum
1554 1571 1693 1653 suspicor
1710 1589 1794 1634 cum
1816 1570 1948 1635 77711111
1964 1571 2093 1634 deliram

311 1677 458 1759 coepit.
502 1675 592 1757 Apud
619 1675 701 1738 huuc
729 1673 853 1756 quidem
884 1673 1064 1755 scriptorem
1093 1671 1231 1754 alioquin
1262 1671 1479 1736 detinendi
1506 1674 1633 1739 verbum
1662 1675 1720 1738 hac
1748 1675 1974 1758 significatione
2003 1693 2091 1738 usur-

311 1783 419 1864 patum
442 1799 501 1844 uon
528 1779 652 1862 legitur,
682 1779 804 1854 711175,
828 1779 856 1840 5.
902 1778 953 1854 14,
981 1778 1007 1840 1.
1047 1779 1102 1852 30,
1127 1777 1142 1840 1
1172 1776 1295 1859 legatur
1324 1777 1453 1860 simplex
1482 1778 1615 1842 locum
1644 1779 1801 1856 tenere,
1829 1777 1883 1842 sed
1905 1778 1990 1842 extat
2012 1777 2091 1860 apud

313 1885 452 1948 Plinium
477 1885 530 1961 15,
553 1886 588 1961 3,
612 1891 630 1948 5
654 1884 697 1947 ut
719 1883 848 1944 ‹letineol
870 1882 1001 1946 locum
1024 1883 1056 1944 et
1078 1880 1228 1946 translate
1249 1880 1322 1944 ibid.
1346 1882 1401 1958 18,
1426 1883 1474 1959 12,
1496 1883 1515 1946 5
1538 1881 1734 1944 (1717777777
1756 1883 1891 1947 771177
1914 1881 2092 1946 nivibus.

313 1988 478 2070 Reliquum
502 1989 564 2064 est,
594 1989 629 2052 ut
658 2005 912 2062 commemorem,
941 1987 1066 2050 omniuo
1096 1985 1276 2068 scriptorem
1307 1985 1342 2048 B.
1366 1983 1405 2048 H.
1428 1985 1590 2050 verborum
1619 1987 1859 2071 compositorum
1888 1987 1932 2051 de
1965 2005 2092 2070 717777-

314 2095 425 2158 sitione
447 2094 709 2158 conformatorum
737 2091 825 2156 valde
855 2108 923 2153 esse
952 2090 1110 2152 amantem
1141 2107 1235 2172 eaque
1267 2088 1438 2170 composita
1460 2089 1563 2154 verbis
1586 2091 1779 2175 simplicibus
1806 2092 1961 2175 praeferre
1985 2091 2092 2166 solere,

313 2197 368 2260 771.
391 2199 417 2272 1,
440 2199 458 2260 5
483 2195 766 2280 depostulare‚
789 2194 883 2278 quod,
906 2193 968 2257 nisi
991 2191 1091 2268 777771,
1115 2192 1252 2274 alioquin
1275 2210 1335 2255 nou
1359 2191 1525 2270 iuvenitur,
1550 2197 1645 2272 16,b
1668 2195 1882 2260 deterreri.
1907 2197 1961 2272 18,
1985 2199 2004 2260 6
2027 2197 2093 2260 de·

313 2301 520 2386 prehendi.
564 2301 886 2379 24,2117177717.
930 2300 980 2376 27,
1008 2297 1174 2360 41171117.
1230 2296 1499 2374 2757717777.
1553 2299 1932 2384 42,7depopulara
1978 2301 2093 2365 ’717117-

314 2408 379 2472 lata
401 2407 628 2490 significatione
651 2406 832 2488 usurpatum
855 2403 970 2486 legitur
998 2401 1213 2468 detinendi
1242 2401 1369 2466 verbum
1392 2401 1424 2464 iu
1447 2403 1505 2464 hoc
1527 2401 1606 2467 libro
1631 2403 1657 2480 1,
1683 2406 1698 2466 1
1729 2404 1817 2468 dum
1840 2405 1989 2470 Caesar
2010 2425 2093 2469 mu·

314 2511 481 2574 neribus
515 2510 659 2574 dandis
692 2509 732 2572 iu
764 2508 892 2572 ltalia
921 2507 1144 2571 detinetur.
1196 2507 1232 2581 3,
1258 2505 1337 2568 let
1369 2504 1456 2568 7717
1489 2505 1569 2570 7771
1602 2507 1763 2591 aliquot
1794 2509 2005 2574 mensibus
2035 2509 2094 2572 ibi

315 2614 590 2678 detinebatur.
622 2615 670 2690 lo,
692 2615 721 2677 3.
753 2613 809 2689 34,
832 2613 861 2676 5.
893 2613 948 2688 36,
971 2611 1000 2675 3.
1034 2611 1198 2674 Praeterea
1215 2609 1319 2672 autem
1341 2609 1495 2674 sententia
1517 2608 1653 2693 flagitat,
1676 2611 1711 2674 ut
1732 2613 1803 2696 post
1825 2612 1943 2696 culpa
1965 2611 2096 2676 addatur

314 2739 384 2788 sac,
415 2718 493 2800 quod
521 2717 584 2781 iam
615 2717 752 2800 Scaliger
780 2716 921 2780 restituit
951 2715 989 2784 ad
1018 2713 1179 2778 Caesarem
1207 2713 1384 2796 respiciens.
1442 2712 1607 2778 Aberravit
1634 2715 1740 2780 oculus
1766 2716 1887 2781 librarii
1913 2734 1932 2780 a
1959 2733 2030 2779 sua
2055 2712 2095 2778 ad

315 2821 481 2904 insequens
503 2841 635 2898 secus,
662 2823 740 2905 quod
764 2823 802 2885 ab
825 2821 932 2885 eadem
954 2819 1061 2883 littera
1082 2840 1096 2883 s
1118 2817 1239 2900 incipit.

467 2925 514 2987 De
534 2925 651 3004 XXXI,
675 2927 694 2988 4
716 2926 778 2989 7177
800 2925 879 2989 mihi
895 2924 962 2987 orta
978 2925 1026 2986 est
1043 2921 1204 2986 dubitatio.
1239 2921 1296 2984 Est
1311 2910 1412 2986 sermo
1429 2920 1466 2984 de
1482 2919 1598 3004 proelio
1615 2923 1653 2986 ab
1669 2921 1862 2988 Caesarianis
1878 2923 2096 3008 Pompeianis·

317 3047 374 3110 que
396 3029 577 3106 commisso,
600 3031 632 3094 et
651 3031 797 3113 leguntur
818 3031 910 3093 haec:
940 3027 1134 3090 Dextrum
1161 3024 2096 3092 (7777777171711177177777177777717777111-

317 3127 1476 3216 777177117777771·777771177,771117117177771171777771
1498 3147 1641 3212 magno
1664 3129 1926 3196 adversarios
1944 3131 2096 3194 timore

317 3255 454 3301 eorum
478 3257 598 3321 opera
627 3237 883 3302 afficiebant
910 3237 967 3300 777.
1009 3234 1110 3298 Verba
1132 3251 1266 3296 eorum
1293 3250 1412 3316 77717
1432 3252 1517 3312 cum,
1549 3233 1629 3316 quod
1651 3233 1793 3318 equidem
1816 3234 1952 3308 videam,
1981 3233 2096 3298 777711

318 3337 542 3401 sententiarum
565 3356 702 3402 connexu
724 3339 846 3421 praeter
864 3339 1017 3402 rationem
1040 3337 1124 3401 dicta
1146 3336 1327 3420 1177777777
1349 3337 1498 3414 habeant,
1521 3357 1580 3422 quo
1602 3338 1785 3415 referantur,
1808 3357 1869 3403 non
1886 3338 2002 3416 dubito,
2022 3339 2096 3421 quin

318 3439 485 3505 debeantur
513 3442 744 3525 interpolatoris
774 3443 894 3520 manui,
925 3442 978 3525 qui
1006 3441 1085 3505 alius
1114 3439 1246 3505 fortasse
1273 3441 1367 3505 huius
1388 3441 1461 3506 libri
1484 3442 1545 3506 loci
1565 3461 1684 3506 memor
1705 3444 1761 3519 22,
1783 3442 1804 3504 4
1828 3441 1951 3506 777777
1974 3460 2097 3525 77717

318 3561 360 3605 77
387 3545 546 3626 7717777
575 3544 633 3608 duo
656 3545 748 3608 verba
771 3545 808 3608 de
831 3565 885 3610 suo
908 3545 1029 3609 adiecit.
1073 3545 1123 3609 An
1146 3545 1278 3610 fortasse
1302 3563 1336 3608 er
1359 3545 1421 3610 alio
1444 3545 1531 3610 fonte
1552 3547 1629 3612 11777
1651 3545 1824 3630 corruptela
1850 3547 2013 3611 manavit?
2045 3546 2094 3610 An

318 3645 450 3710 forsitan
471 3649 564 3713 verba
591 3649 742 3731 originem
771 3649 922 3714 duxeruut
950 3667 986 3712 71
1013 3667 1101 3726 1777,
1132 3667 1209 3731 7777
1239 3649 1271 3712 77
1300 3647 1390 3712 libris
1417 3667 1570 3712 manuscr.
1592 3667 1628 3713 ea
1658 3649 1788 3733 excipit,
1817 3669 1852 3714 71
1879 3651 2026 3714 timore
2048 3651 2097 3715 bis

318 3749 437 3814 librarii
466 3752 657 3835 negligentia
683 3753 831 3817 exarata?
873 3751 977 3817 1777777
1004 3753 1203 3836 intelligitur,
1233 3751 1313 3816 alius
1341 3751 1461 3816 librarii
1487 3771 1579 3836 opera
1599 3756 1764 3836 postquam
1787 3754 1919 3818 alterum
1948 3754 2097 3818 timore

318 3856 494 3939 corruptum
518 3857 566 3920 est
587 3858 619 3922 in
648 3877 798 3935 eorum,
825 3857 980 3922 adiectum
1008 3875 1075 3920 esse
1102 3875 1277 3940 operam,
1304 3855 1383 3938 quod
1411 3857 1473 3921 etsi
1497 3876 1559 3922 non
1587 3859 1732 3922 convenit
1755 3859 1789 3922 in
1818 3857 1915 3922 totius
1944 3857 2098 3922 enuntiati

319 3960 521 4038 senteutiam,
543 3963 649 4026 tamen
670 3963 839 4028 latinitatis
863 3963 997 4046 speciem
1018 3979 1091 4045 prae
1114 3979 1147 4025 se
1169 3959 1239 4024 7717
1283 3961 1403 4026 1777177
1425 3961 1503 4026 77777
1525 3962 1622 4028 fuisse
1644 3962 1780 4028 librariis
1803 3961 1895 4025 huius
1916 3961 2006 4037 libri,
2036 3979 2097 4024 nou

319 4065 381 4140 est,
403 4085 457 4130 cur
476 4065 616 4148 pluribus
640 4067 843 4150 comprobem.
889 4067 1083 4148 Quantopere
1105 4066 1211 4129 autem
1231 4063 1348 4129 bellum
1370 4063 1577 4148 Hispaniense
1599 4063 1891 4150 interpolationibus
1911 4065 1975 4148 (est
1996 4066 2096 4131 incre-

320 4167 414 4234 dibile
436 4170 534 4246 dictu,
558 4189 650 4253 quam
673 4170 826 4252 absurdis)
850 4171 1042 4234 destructum
1066 4170 1123 4245 sit,
1146 4167 1351 4251 Nipperdcius
1373 4170 1553 4254 Kranerque
1575 4171 1643 4236 loco
1666 4171 1963 4236 demonstraverunt

474 4275 588 4340 Levius
619 4275 871 4340 addidamentum
901 4276 981 4340 77177
1011 4275 1153 4340 vocabuli
1182 4274 1341 4338 cuiusdam
1372 4275 1556 4358 repetitione
1588 4277 1691 4340 ortum
1722 4275 1754 4338 et
1776 4292 1794 4338 a
1815 4273 1952 4338 librariis
1980 4273 2097 4338 sensim

320 4376 496 4460 sensimque
524 4381 734 4462 permutatum
763 4379 859 4444 latere
889 4381 1032 4446 existimo
1064 4381 1095 4444 in
1124 4379 1192 4444 loco
1221 4380 1334 4444 misere
1363 4381 1521 4458 truncato,
1555 4380 1608 4445 sed
1638 4399 1657 4444 a
1682 4379 1869 4462 Nipperdeio
1896 4379 2097 4463 expertein

320 4478 486 4560 pristinum
509 4485 625 4546 statum
648 4483 781 4550 redacto.
824 4483 956 4561 XXXII,
979 4487 1014 4560 2,
1037 4484 1090 4550 ubi
1113 4483 1297 4547 describitur
1320 4482 1566 4548 circumvallatio
1589 4484 1674 4548 urbis
1693 4483 1841 4562 Mundae,
1864 4483 1942 4566 apud
1964 4485 2097 4567 Nipper-

321 4580 425 4644 deium
448 4584 524 4648 haec
545 4585 708 4668 leguntur:
743 4607 785 4652 ex
807 4589 988 4653 hostium
1011 4589 1137 4653 717177
1160 4589 1277 4653 scuta
1299 4589 1338 4652 et
1359 4587 1446 4672 pila
1466 4607 1534 4672 pro
1557 4587 1682 4666 vallo,
1704 4607 1774 4672 pro
1797 4587 1957 4670 cespite
1979 4589 2097 4654 77177-

321 4704 413 4751 1717
443 4687 772 4770 collocabantur,
806 4693 973 4776 lusuper
1001 4694 1160 4775 [occisi]
1190 4693 1230 4756 iu
1256 4692 1489 4775 gladiorum
1511 4711 1702 4758 mucrone
1730 4693 1869 4776 capita
1891 4693 2098 4758 hominum

322 4788 513 4854 ordinata
535 4791 581 4855 ad
602 4795 791 4878 oppidum
812 4815 1011 4862 conversa
1033 4796 1228 4861 universa
1249 4797 1432 4862 bostium
1454 4797 1644 4862 timorem
1755 4799 1859 4862 cetera
1882 4797 2002 4862 desunt.
2037 4800 2097 4862 Pro

321 4893 516 4960 universa
545 4899 593 4962 est
622 4899 655 4962 iu
684 4901 840 4967 codicibus
870 4903 1102 4979 universas,
1132 4901 1335 4985 Nipperdeius
1364 4903 1501 4966 extrema
1529 4901 1637 4966 littera
1665 4901 1767 4966 deleta
1790 4901 1891 4983 ipsam
1913 4921 2019 4968 vocem
2049 4903 2098 4966 in·

322 4999 441 5066 tactum
463 5002 593 5089 recepit,
621 5003 761 5088 ineptum
785 5005 913 5072 occisi
939 5004 1026 5070 uncis
1055 5004 1191 5072 seclusit.
1243 5005 1302 5072 Sed
1329 5005 1403 5093 quid
1431 5006 1491 5072 sibi
1521 5005 1598 5074 velit
1621 5007 1679 5072 hoc
1708 5005 1775 5070 loco
1797 5005 1980 5071 1777771717
2008 5007 2098 5073 uni-
