4562 5778
316 305 357 369 26

316 472 470 536 neminem
498 471 660 554 praeterit,
693 469 799 536 deesse
829 469 955 534 uerbum
986 467 1126 548 finitum,
1162 469 1244 554 quod
1274 467 1423 544 dicimus,
1456 467 1626 550 respiciens
1658 465 1696 530 ad
1726 465 1901 530 subiectum
1935 463 2093 529 Fabius

315 577 520 642 Maximus.
565 575 651 654 Quod
674 593 745 638 oum
767 593 958 657 nequaquam
982 577 1082 658 possit
1103 575 1248 658 cognosci
1270 591 1305 636 ex
1328 573 1393 636 ullo
1413 571 1561 636 vocabulo
1584 572 1680 636 totins
1704 570 1874 644 enuntiati,
1897 571 1968 652 post
1989 569 2093 632 reli-

315 683 460 763 querat
486 680 597 744 lacuna
621 679 756 742 6616666
777 679 833 742 est
876 678 995 742 Deinde
1017 682 1135 756 antem,
1165 681 1193 743 si
1214 679 1320 755 verba,
1351 695 1429 759 quae
1451 677 1560 740 relicto
1582 679 1669 752 sunt,
1696 675 1931 757 contemplaris,
1962 675 2095 737 666661

315 783 502 847 6116611666
526 783 777 864 intelligendum,
801 782 897 846 etiam
920 783 1053 848 11166666
1076 783 1292 846 66661161616
1315 801 1411 845 unum
1435 779 1604 854 coaluissc;
1638 780 1772 844 alterum
1794 779 1970 842 continetur
1991 777 2094 842 uerbis

314 889 425 952 lacta
456 887 574 950 coede
604 887 702 950 bene
731 905 876 968 magna
905 885 1082 964 iaciunt,
1113 887 1245 950 alterurn
1276 887 1471 969 operibus
1501 904 1597 967 66666
1629 885 1666 948 66
1695 883 1927 947 decernere.
1977 883 2095 946 Versus

314 995 433 1069 autem,
464 993 516 1074 qui
538 992 740 1056 subsecuntur
762 989 905 1054 Nostri
931 988 974 1052 ad
1008 989 1198 1071 oppidum
1229 989 1551 1071 recuperandum
1582 988 1841 1052 occasionem
1871 1005 1945 1049 666
1976 1003 2094 1068 6166-

313 1097 562 1160 termittnnt
584 1143 614 1159 ..
639 1095 707 1158 .et
729 1093 913 1176 16116666
935 1094 1050 1157 rivos
1072 1095 1242 1176 capiunt
1264 1092 1504 1168 XIllmilia,
1528 1111 1598 1156 cum
1621 1092 1802 1155 testimonio
1825 1093 1903 1166 sint,
1926 1091 2094 1174 oppidanos

315 1201 505 1282 eruptionem
522 1217 557 1262 ex
575 1197 685 1281 oppido
702 1196 823 1270 secisse,
840 1213 901 1260 666
920 1195 1035 1272 dubito,
1058 1197 1219 1280 66166616
1239 1197 1354 1260 16616
1375 1197 1569 1260 interciderit
1584 1197 1711 1262 verbum
1734 1197 1950 1278 eruptione
1971 1196 2003 1258 et
2018 1196 2093 1277 quin

314 1305 463 1386 scripturn
485 1303 581 1366 fuerit
614 1299 783 1384 diruptione
812 1297 926 1363 lacta
956 1300 1045 1360 coedis
1072 1301 1169 1364 bene
1192 1300 1306 1383 magud
1328 1301 1507 1377 faciunt,
1529 1299 1585 1364 cir.
1607 1301 1637 1375 3,
1659 1301 1688 1364 8.
1721 1303 1769 1374 12,
1793 1302 1821 1363 5.
1862 1303 1909 1375 12,
1931 1303 1960 1364 6.
1995 1301 2043 1373 16,
2066 1301 2093 1361 l.

317 1411 364 1485 16,
386 1411 416 1472 2.
448 1409 505 1484 34,
526 1409 555 1469 5.
587 1408 644 1482 36,
667 1406 696 1468 2.
728 1403 822 1478 364
850 1403 942 1485 61666
967 1405 1021 1481 15,
1043 1405 1071 1468 3.
1105 1407 1161 1480 23,
1184 1407 1213 1470 7.
1267 1405 1394 1481 Restat,
1425 1407 1461 1468 ut
1488 1404 1681 1486 exploremus
1710 1405 1897 1468 sententiam
1922 1403 2093 1476 uerborum,

313 1530 391 1594 6666
414 1511 586 1594 666616661.
630 1508 809 1572 Subiectum
839 1527 909 1570 curn
940 1508 983 1572 611
1012 1509 1220 1591 oppidani,
1251 1509 1401 1572 excidisse
1432 1509 1490 1570 hoc
1519 1507 1646 1570 uerbum
1677 1507 1767 1570 initio
1790 1507 1916 1572 lacerati
1939 1509 2093 1571 enuntiati

313 1632 439 1678 necesse
456 1615 512 1677 est.
548 1613 627 1676 Item
645 1612 787 1675 lacunam
806 1611 1001 1676 statuendam
1017 1630 1127 1676 censeo
1145 1615 1216 1695 post
1239 1614 1467 1677 decernere.
1508 1611 1594 1690 Quod
1611 1612 1737 1676 verbnm
1754 1613 1806 1676 bic
1822 1613 1923 1676 locum
1941 1613 2091 1688 babuerit,

314 1721 418 1782 611616
449 1717 783 1792 6666111661661,
813 1716 1152 1798 1661116616611),
1184 1719 1442 1792 6161661661,
1473 1735 1512 1780 66
1541 1719 1767 1798 666661661
1795 1736 1865 1780 corn
1889 1735 1979 1782 nemo
2002 1719 2092 1782 bomo

314 1820 440 1884 definire
462 1821 575 1903 possit,
597 1822 702 1884 tamon
725 1839 786 1884 non
808 1821 857 1882 est
878 1819 1021 1894 dubium,
1051 1819 1123 1903 quin
1147 1839 1200 1901 pro
1222 1821 1374 1882 circum
1404 1837 1444 1882 66
1473 1819 1727 1883 interclusis
1757 1821 1869 1884 inter
1890 1839 1930 1884 se
1952 1821 2092 1886 decer-

315 1943 408 1988 nere
435 1925 629 1988 scribcndum
652 1925 695 1988 sit
716 1922 828 1986 deletis
852 1922 953 1985 verbis
982 1941 1023 1986 66
1052 1923 1162 1985 16161
1190 1942 1226 1986 ex
1255 1923 1403 2005 proximis
1434 1923 1556 1986 inverso
1577 1923 1683 1986 ordine
1703 1925 1785 1988 male
1807 1925 1949 2006 repetitis
1971 1926 2092 1984 urrann-

314 2029 388 2090 clusi
416 2030 525 2093 inter
555 2048 594 2092 se
623 2028 847 2092 decernere
878 2026 948 2107 [cfr.
971 2031 1005 2102 6,
1027 2027 1076 2107 5],
1106 2029 1142 2090 nt
1169 2029 1288 2110 spectet
1315 2027 1515 2110 participium
1542 2027 1579 2090 66
1602 2027 1791 2104 6661661661,
1820 2029 1900 2111 qnod
1928 2029 2093 2104 intercidit,

315 2132 518 2215 oppidani.
560 2131 648 2196 More
671 2150 726 2195 suo
755 2129 901 2193 librarius
922 2131 1121 2213 partIcipium
1151 2150 1221 2194 cum
1251 2150 1301 2207 eo,
1332 2131 1411 2214 6666
1439 2132 1576 2214 proxime
1598 2131 1756 2195 antecedit
1784 2133 1876 2195 verbo
1900 2133 2093 2197 substantivo

315 2237 422 2300 littera
443 2259 457 2296 s
477 2236 618 2320 apposita
639 2237 756 2298 temere
779 2233 947 2297 coniunxit
991 2233 1106 2298 Inter
1136 2254 1176 2298 sc
1207 2235 1425 2299 decernere
1456 2236 1548 2300 verba
1570 2235 1646 2299 licet
1668 2235 1787 2299 6616666
1811 2237 1876 2300 6161
1895 2236 1993 2312 61616,
2023 2239 2094 2319 6616

315 2342 426 2404 16161
453 2359 493 2404 66
522 2359 583 2404 666
606 2339 708 2404 solum
730 2338 768 2402 66
791 2337 966 2400 subiectum
988 2337 1086 2419 ipsius
1108 2339 1276 2414 enuntiati,
1308 2339 1361 2403 sed
1384 2340 1480 2402 etiam
1503 2338 1541 2402 66
1564 2338 1766 2404 Caesarianos
1788 2342 1959 2423 pertinent,
1985 2334 2094 2406 'tamen

316 2446 421 2509 omnia
450 2446 495 2509 sic
524 2445 608 2508 recte
638 2461 706 2506 sese
736 2442 848 2506 babere
878 2440 1030 2516 videntur,
1063 2460 1134 2504 curn
1164 2443 1324 2524 scriptoris
1353 2443 1389 2506 B.
1412 2443 1452 2506 H.
1483 2443 1526 2506 sit
1556 2443 1762 2520 consuetodo,
1794 2447 1831 2507 ut
1862 2446 2094 2527 pronominibus

316 2551 470 2615 reflexivis
492 2550 622 2614 liberius
643 2549 758 2624 utatur,
786 2564 879 2628 quarn
902 2545 1067 2627 scriptores
1088 2546 1289 2630 elegantioris
1311 2547 1462 2610 sermonis
1479 2545 1550 2628 [611.
1567 2547 1596 2622 8,
1619 2549 1647 2610 6.
1689 2549 1737 2622 13,
1760 2549 1789 2612 5.
1823 2549 1879 2623 22,
1902 2549 1945 2629 6.]
1981 2549 2094 2612 Totum

317 2655 415 2736 igitur
435 2654 538 2718 locum
557 2654 602 2717 sic
625 2653 724 2716 scribe
746 2651 898 2715 Fabius
920 2650 1133 2724 Maximus,
1162 2669 1275 2732 quem
1299 2650 1344 2715 66
1367 2649 1554 2714 Mundam
1580 2649 1834 2731 praesidium
1857 2669 2094 2733 oppugnan-

319 2759 405 2822 dum
428 2759 658 2840 reliquerat
679 2803 811 2822 ......
835 2753 993 2838 Oppidani
1014 2754 1204 2837 operibus
1229 2755 1412 2820 assiduis
1435 2753 1553 2814 diurnis
1574 2753 1784 2835 nocturnisque
1806 2753 1993 2814 circumclusi
2014 2757 2095 2819 Inter

320 2881 360 2926 66
388 2863 608 2926 decernere
631 2907 739 2926 ......
762 2857 931 2942 Mopsion
954 2856 1066 2922 16616
1087 2857 1207 2918 curtem
1230 2860 1328 2923 bene
1351 2879 1496 2941 scapnam
1527 2857 1699 2920 faciunt.
1743 2858 1790 2920 Ac
1812 2876 1851 2921 ne
1873 2860 1942 2941 quis
1964 2860 2094 2924 moleste

319 2965 401 3029 ferat
421 2966 547 3029 verbum
577 2963 762 3028 faciendi
790 2963 839 3026 bis
862 2963 894 3025 in
923 2979 1016 3044 parvo
1038 2962 1198 3026 enuntiato
1220 2963 1371 3046 positum,
1404 2961 1544 3026 66616161
1565 2961 1658 3026 uelim
1680 2962 1710 3036 3,
1731 2961 1750 3024 8
1779 2961 1956 3027 clamore
1983 2965 2094 3029 16616

321 3069 578 3150 eruptionem
600 3069 638 3131 16
661 3066 1363 3132 adversariorumcastrafecerunt
1386 3067 1435 3143 14,
1457 3067 1487 3130 4.
1533 3067 1582 3141 15,
1604 3068 1634 3129 3.
1669 3065 1718 3140 16,
1740 3067 1770 3129 5.
1809 3068 1860 3142 27,
1883 3070 1912 3133 5.
1957 3069 2094 3148 Quanto·

320 3189 391 3253 pere
413 3172 537 3234 omnino
560 3172 618 3234 hoc
639 3171 766 3235 verbum
789 3169 980 3234 adornaverit
1000 3169 1132 3250 scriptor
1154 3170 1190 3234 B.
1212 3171 1266 3248 Η.,
1297 3171 1511 3254 cognoscimus
1535 3189 1569 3233 cx
1590 3169 1699 3234 multis
1722 3169 1787 3234 illis
1807 3169 2014 3237 locutionibus
2036 3175 2094 3236 boc

321 3272 1254 3352 16166666161166116,11666661116666116661626,
1278 3277 1305 3340 l.
1348 3277 1400 3352 27,
1422 3276 1451 3339 5.
1494 3276 1550 3344 36.
1573 3275 1603 3338 4.
1634 3275 1936 3339 transitionem
1960 3277 2093 3340 lacere

322 3381 378 3456 26,
400 3381 430 3444 3.
463 3379 757 3443 iuiulationem
791 3377 927 3440 166616
962 3377 1018 3450 16,
1041 3377 1070 3440 5.
1116 3379 1170 3454 16,
1191 3380 1220 3443 6.
1264 3381 1371 3456 22,6.
1415 3379 1671 3462 eruptionem
1703 3378 1840 3442 166616
1861 3381 1892 3454 3,
1915 3381 1944 3444 8.
1990 3383 2042 3456 12,
2066 3383 2094 3444 5.

324 3485 377 3560 12,
400 3484 429 3546 6.
473 3483 572 3559 161.
618 3483 719 3559 162.
761 3482 811 3557 34,
835 3481 864 3544 5.
907 3481 1009 3556 362.
1052 3483 1102 3558 36,
1126 3482 1155 3545 4.
1199 3503 1354 3548 manum
1386 3482 1521 3546 166616
1546 3485 1602 3560 22,
1625 3485 1655 3546 6.
1688 3483 1825 3546 iactus
1855 3483 2046 3560 laceret),
2066 3487 2095 3548 3.

323 3605 561 3650 concursum
584 3585 722 3650 166616
744 3587 800 3660 22,
823 3585 852 3648 4.
890 3585 946 3661 23,
969 3587 998 3649 6.
1028 3603 1251 3652 concursus
1272 3588 1406 3653 faeere
1428 3591 1486 3665 25,
1508 3591 1537 3653 2.
1574 3587 2095 3673 666616661613,4.6166-

323 3689 422 3754 lium
449 3688 663 3766 16661623,
685 3689 715 3753 5.
758 3690 809 3764 31,
832 3691 860 3752 6.
891 3690 940 3764 15,
963 3691 992 3753 3.
1038 3692 1092 3766 14,
1114 3691 1144 3756 4.
1187 3692 1746 3770 636666616166616164.
1789 3695 2093 3768 2666116666

325 3794 461 3858 166616
483 3793 536 3870 12,
560 3793 588 3856 3.
622 3794 728 3870 13,,5.
760 3792 817 3856 1161
835 3793 894 3856 hoc
909 3794 1066 3876 proprium
1088 3795 1240 3860 sennonis
1261 3797 1413 3880 vulgaris,
1435 3799 1529 3864 sicuti
1551 3801 1691 3864 nostrum
1714 3801 1899 3876 ,16661166ί
1922 3819 2045 3884 semper
2066 3803 2095 3867 in

325 3915 376 3960 ore
399 3897 448 3977 est
468 3895 630 3960 hominum
650 3897 837 3961 rusticorum
859 3897 892 3960 et
910 3897 1109 3980 plebeiorum.
1507 3917 1511 3926 '

477 3999 563 4077 XLI,
586 4001 605 4063 2
634 4001 705 4064 Par.
728 4019 787 4064 666.
810 4002 842 4064 61
863 4000 949 4064 Leid.
970 4021 1016 4085 pr.
1035 4003 1081 4066 sic
1104 4002 1264 4068 exhibent:
1292 4004 1512 4071 Ursaonem
1533 4005 1886 4091 proficiscuntur3
1909 4007 2009 4090 6666
2030 4029 2098 4090 66-

326 4103 461 4186 pidum
482 4121 624 4184 magna
646 4104 877 4169 munitione
897 4106 1199 4184 continebatur,
1223 4109 1284 4172 sic
1305 4109 1350 4172 ut
1371 4111 1459 4194 ipse
1481 4110 1599 4175 locus
1621 4130 1698 4176 non
1720 4110 1850 4174 solum
1873 4130 2007 4194 opere,
2030 4111 2097 4176 sed

328 4207 452 4270 etiarn
475 4207 623 4270 natura
650 4207 791 4272 aditus
820 4208 865 4272 ad
887 4211 1196 4292 oppugnandum
1218 4213 1378 4277 bostem
1402 4215 1628 4295 appeteret
1671 4215 1789 4278 Locum
1811 4213 1934 4297 magnis
1956 4218 2098 4298 operibus

328 4308 483 4371 munitum
504 4310 627 4373 hostem
649 4311 817 4393 appetisse,
846 4311 919 4394 quid
940 4312 1051 4378 1616166
1073 4315 1206 4398 cogitari
1231 4317 1358 4399 potest?
1387 4315 1535 4400 Scaliger,
1558 4318 1611 4400 qni
1628 4315 1796 4380 secundum
1814 4317 1973 4400 vulgatam
1989 4319 2098 4384 lectio·

329 4427 400 4472 nem
421 4429 475 4492 pro
498 4411 639 4476 aditus
668 4413 746 4496 legit
768 4413 922 4491 edItus,
952 4416 1147 4482 scribendum
1170 4418 1275 4483 docuit
1301 4419 1554 4497 obverterat,
1584 4420 1663 4503 quod
1685 4420 1847 4502 repudiata
1869 4420 2002 4485 Godnini
2025 4441 2099 4486 eon-

329 4515 447 4578 iectura
475 4515 520 4578 ab
549 4517 815 4600 oppugnando
838 4519 995 4582 hostem
1017 4521 1617 4606 6616116161166666166161611166
1640 4526 1671 4588 et
1697 4525 1930 4608 Oudendorpius
1957 4525 2097 4589 arbitrat'

330 4617 465 4680 similem
495 4635 562 4681 esse
593 4619 781 4686 locutionem
814 4623 906 4705 61666
939 4623 1027 4688 illam
1058 4626 1180 4708 saepius
1211 4625 1384 4691 oCaesarc
1418 4629 1612 4710 usurpatam,
1645 4647 1705 4712 qua
1736 4629 1942 4711 coniungatur
1973 4629 2098 4693 verbum

331 4719 490 4784 detinendi
512 4739 582 4784 cum
608 4727 835 4807 praepositione
856 4726 903 4789 66
925 4727 1089 4792 accedente
1111 4729 1271 4810 gerundis.
1320 4731 1415 4796 Cuius
1445 4733 1682 4796 constructionis
1705 4732 1877 4814 exemplum
1901 4733 2058 4808 6116139,
2082 4733 2097 4795 l

485 4945 511 5013 l)
530 4943 576 4998 cfr.
596 4943 621 5012 7,
642 4947 664 5000 1.
699 4945 742 5010 38,
760 4947 785 5000 6.
