<?xml version="1.0" encoding="UTF-8"?>
<!DOCTYPE html PUBLIC "-//W3C//DTD XHTML 1.0 Transitional//EN"
    "http://www.w3.org/TR/xhtml1/DTD/xhtml1-transitional.dtd">
<html xmlns="http://www.w3.org/1999/xhtml" xml:lang="en" lang="en">
 <head>
  <title>
</title>
<meta http-equiv="Content-Type" content="text/html;charset=utf-8" />
  <meta name='ocr-system' content='tesseract 3.04.00' />
  <meta name='ocr-capabilities' content='ocr_page ocr_carea ocr_par ocr_line ocrx_word'/>
</head>
<body>
  <div class='ocr_page' id='page_1' title='image "./observationescr00fleigoog_0028.png"; bbox 0 0 4562 5778; ppageno 0'>
   <div class='ocr_carea' id='block_1_1' title="bbox 1935 407 1971 471">
    <p class='ocr_par' dir='ltr' id='par_1_1' title="bbox 1935 407 1971 471">
     <span class='ocr_line' id='line_1_1' title="bbox 1935 407 1971 471; baseline -0.028 0"><span class='ocrx_word' id='word_1_1' title='bbox 1935 407 1971 471; x_wconf 84' lang='lat'>21</span> 
     </span>
    </p>
   </div>
   <div class='ocr_carea' id='block_1_2' title="bbox 178 567 1989 4818">
    <p class='ocr_par' dir='ltr' id='par_1_2' title="bbox 178 567 1977 1062">
     <span class='ocr_line' id='line_1_2' title="bbox 191 567 1974 654; baseline 0.002 -21"><span class='ocrx_word' id='word_1_2' title='bbox 191 587 308 633; x_wconf 83' lang='lat' dir='ltr'>versa</span> <span class='ocrx_word' id='word_1_3' title='bbox 341 568 379 632; x_wconf 86' lang='lat' dir='ltr'>ed</span> <span class='ocrx_word' id='word_1_4' title='bbox 408 569 511 651; x_wconf 89' lang='lat' dir='ltr'>capita</span> <span class='ocrx_word' id='word_1_5' title='bbox 541 567 646 632; x_wconf 85' lang='lat' dir='ltr'>ordine</span> <span class='ocrx_word' id='word_1_6' title='bbox 679 569 712 631; x_wconf 94' lang='lat' dir='ltr'>in</span> <span class='ocrx_word' id='word_1_7' title='bbox 743 568 836 650; x_wconf 89' lang='lat' dir='ltr'>longa</span> <span class='ocrx_word' id='word_1_8' title='bbox 866 569 1151 634; x_wconf 83' lang='lat' dir='ltr'>circurnvallatione</span> <span class='ocrx_word' id='word_1_9' title='bbox 1190 570 1293 650; x_wconf 88' lang='lat' dir='ltr'>posita</span> <span class='ocrx_word' id='word_1_10' title='bbox 1324 571 1535 646; x_wconf 86' lang='lat' dir='ltr'>referendum,</span> <span class='ocrx_word' id='word_1_11' title='bbox 1576 591 1699 654; x_wconf 89' lang='lat' dir='ltr'>prorsus</span> <span class='ocrx_word' id='word_1_12' title='bbox 1730 590 1790 635; x_wconf 92' lang='lat' dir='ltr'>non</span> <span class='ocrx_word' id='word_1_13' title='bbox 1820 572 1974 654; x_wconf 77' lang='lat' dir='ltr'>intelligo,</span> 
     </span>
     <span class='ocr_line' id='line_1_3' title="bbox 193 671 1976 757; baseline 0.002 -21"><span class='ocrx_word' id='word_1_14' title='bbox 193 671 385 756; x_wconf 88' lang='lat' dir='ltr'>quippequod</span> <span class='ocrx_word' id='word_1_15' title='bbox 414 673 569 736; x_wconf 92' lang='lat' dir='ltr'>notionem</span> <span class='ocrx_word' id='word_1_16' title='bbox 595 673 687 736; x_wconf 92' lang='lat' dir='ltr'>huius</span> <span class='ocrx_word' id='word_1_17' title='bbox 710 672 795 736; x_wconf 89' lang='lat' dir='ltr'>verbi</span> <span class='ocrx_word' id='word_1_18' title='bbox 821 673 919 754; x_wconf 89' lang='lat' dir='ltr'>ipsius</span> <span class='ocrx_word' id='word_1_19' title='bbox 939 675 1001 749; x_wconf 89' lang='grc'><strong>161,</strong></span> <span class='ocrx_word' id='word_1_20' title='bbox 1031 691 1108 756; x_wconf 90' lang='lat' dir='ltr'>qnae</span> <span class='ocrx_word' id='word_1_21' title='bbox 1130 673 1282 750; x_wconf 79' lang='lat' dir='ltr'>narratur,</span> <span class='ocrx_word' id='word_1_22' title='bbox 1311 675 1408 738; x_wconf 86' lang='lat' dir='ltr'>statui</span> <span class='ocrx_word' id='word_1_23' title='bbox 1436 674 1668 757; x_wconf 86' lang='lat' dir='ltr'>conditIoniquc</span> <span class='ocrx_word' id='word_1_24' title='bbox 1699 693 1767 739; x_wconf 89' lang='grc'><strong>6666</strong></span> <span class='ocrx_word' id='word_1_25' title='bbox 1789 676 1976 740; x_wconf 89' lang='lat' dir='ltr'>contrariam</span> 
     </span>
     <span class='ocr_line' id='line_1_4' title="bbox 194 760 1977 859; baseline 0.002 -19"><span class='ocrx_word' id='word_1_26' title='bbox 194 778 226 841; x_wconf 95' lang='lat' dir='ltr'>in</span> <span class='ocrx_word' id='word_1_27' title='bbox 246 776 406 859; x_wconf 89' lang='lat' dir='ltr'>propatulo</span> <span class='ocrx_word' id='word_1_28' title='bbox 435 777 484 840; x_wconf 90' lang='lat' dir='ltr'>sit.</span> <span class='ocrx_word' id='word_1_29' title='bbox 537 760 577 839; x_wconf 79' lang='lat' dir='ltr'>aa</span> <span class='ocrx_word' id='word_1_30' title='bbox 607 779 709 840; x_wconf 89' lang='lat' dir='ltr'>ortum</span> <span class='ocrx_word' id='word_1_31' title='bbox 740 779 773 840; x_wconf 91' lang='lat' dir='ltr'>et</span> <span class='ocrx_word' id='word_1_32' title='bbox 802 777 981 858; x_wconf 88' lang='lat' dir='ltr'>corruptum</span> <span class='ocrx_word' id='word_1_33' title='bbox 1011 779 1060 841; x_wconf 90' lang='lat' dir='ltr'>est</span> <span class='ocrx_word' id='word_1_34' title='bbox 1089 794 1125 840; x_wconf 86' lang='lat' dir='ltr'>ex</span> <span class='ocrx_word' id='word_1_35' title='bbox 1153 775 1303 840; x_wconf 87' lang='lat' dir='ltr'>vooubulo</span> <span class='ocrx_word' id='word_1_36' title='bbox 1331 775 1532 841; x_wconf 87' lang='lat' dir='ltr'>antecedente</span> <span class='ocrx_word' id='word_1_37' title='bbox 1563 797 1774 856; x_wconf 85' lang='lat' dir='ltr'>conversa,</span> <span class='ocrx_word' id='word_1_38' title='bbox 1806 798 1824 842; x_wconf 89' lang='lat' dir='ltr'>a</span> <span class='ocrx_word' id='word_1_39' title='bbox 1850 779 1977 844; x_wconf 88' lang='lat' dir='ltr'>librario</span> 
     </span>
     <span class='ocr_line' id='line_1_5' title="bbox 193 879 1977 964; baseline 0 -18"><span class='ocrx_word' id='word_1_40' title='bbox 193 882 367 964; x_wconf 88' lang='lat' dir='ltr'>geminato,</span> <span class='ocrx_word' id='word_1_41' title='bbox 396 881 504 945; x_wconf 90' lang='lat' dir='ltr'>deinde</span> <span class='ocrx_word' id='word_1_42' title='bbox 526 882 683 945; x_wconf 88' lang='lat' dir='ltr'>mutatum</span> <span class='ocrx_word' id='word_1_43' title='bbox 706 881 754 944; x_wconf 90' lang='lat' dir='ltr'>est</span> <span class='ocrx_word' id='word_1_44' title='bbox 776 881 814 944; x_wconf 91' lang='lat' dir='ltr'>ah</span> <span class='ocrx_word' id='word_1_45' title='bbox 837 879 898 943; x_wconf 89' lang='lat' dir='ltr'>alio</span> <span class='ocrx_word' id='word_1_46' title='bbox 921 880 953 944; x_wconf 91' lang='lat' dir='ltr'>in</span> <span class='ocrx_word' id='word_1_47' title='bbox 984 881 1192 956; x_wconf 87' lang='lat' dir='ltr'>universa;</span> <span class='ocrx_word' id='word_1_48' title='bbox 1222 879 1350 963; x_wconf 88' lang='lat' dir='ltr'>ideoque</span> <span class='ocrx_word' id='word_1_49' title='bbox 1377 881 1472 944; x_wconf 90' lang='lat' dir='ltr'>etiam</span> <span class='ocrx_word' id='word_1_50' title='bbox 1495 883 1608 946; x_wconf 91' lang='lat' dir='ltr'>hocin</span> <span class='ocrx_word' id='word_1_51' title='bbox 1631 883 1788 948; x_wconf 87' lang='lat' dir='ltr'>additiciis</span> <span class='ocrx_word' id='word_1_52' title='bbox 1812 901 1977 948; x_wconf 88' lang='lat' dir='ltr'>numeran-</span> 
     </span>
     <span class='ocr_line' id='line_1_6' title="bbox 178 985 808 1062; baseline -0.003 -11"><span class='ocrx_word' id='word_1_53' title='bbox 178 988 269 1062; x_wconf 78' lang='lat' dir='ltr'>‚dum</span> <span class='ocrx_word' id='word_1_54' title='bbox 292 989 324 1050; x_wconf 93' lang='grc'>61</span> <span class='ocrx_word' id='word_1_55' title='bbox 345 987 433 1050; x_wconf 92' lang='lat' dir='ltr'>uncis</span> <span class='ocrx_word' id='word_1_56' title='bbox 455 985 675 1050; x_wconf 77' lang='lat' dir='ltr'>secludendum</span> <span class='ocrx_word' id='word_1_57' title='bbox 698 985 808 1049; x_wconf 87' lang='lat' dir='ltr'>iudico.</span> 
     </span>
    </p>

    <p class='ocr_par' dir='ltr' id='par_1_3' title="bbox 194 1085 1981 2733">
     <span class='ocr_line' id='line_1_7' title="bbox 347 1085 1978 1171; baseline 0.004 -18"><span class='ocrx_word' id='word_1_58' title='bbox 347 1090 471 1154; x_wconf 85' lang='lat' dir='ltr'>Tertius</span> <span class='ocrx_word' id='word_1_59' title='bbox 494 1091 529 1154; x_wconf 94' lang='grc' dir='ltr'>Β.</span> <span class='ocrx_word' id='word_1_60' title='bbox 551 1091 592 1154; x_wconf 91' lang='grc' dir='ltr'>Η.</span> <span class='ocrx_word' id='word_1_61' title='bbox 615 1089 716 1165; x_wconf 88' lang='grc'><strong>16666,</strong></span> <span class='ocrx_word' id='word_1_62' title='bbox 740 1090 792 1171; x_wconf 92' lang='lat' dir='ltr'>qui</span> <span class='ocrx_word' id='word_1_63' title='bbox 814 1090 893 1153; x_wconf 91' lang='lat' dir='ltr'>mihi</span> <span class='ocrx_word' id='word_1_64' title='bbox 915 1088 1164 1171; x_wconf 87' lang='lat' dir='ltr'>interpolationis</span> <span class='ocrx_word' id='word_1_65' title='bbox 1187 1085 1394 1171; x_wconf 81' lang='lat' dir='ltr'>suspicionem</span> <span class='ocrx_word' id='word_1_66' title='bbox 1417 1089 1529 1164; x_wconf 84' lang='lat' dir='ltr'>movit,</span> <span class='ocrx_word' id='word_1_67' title='bbox 1553 1089 1601 1152; x_wconf 90' lang='grc'>661</span> <span class='ocrx_word' id='word_1_68' title='bbox 1626 1090 1776 1168; x_wconf 85' lang='lat' dir='ltr'>XXXIII,</span> <span class='ocrx_word' id='word_1_69' title='bbox 1797 1096 1826 1157; x_wconf 91' lang='lat'>3.</span> <span class='ocrx_word' id='word_1_70' title='bbox 1867 1093 1978 1160; x_wconf 89' lang='lat' dir='ltr'>Caesar</span> 
     </span>
     <span class='ocr_line' id='line_1_8' title="bbox 194 1191 1978 1282; baseline 0.002 -23"><span class='ocrx_word' id='word_1_71' title='bbox 194 1197 356 1280; x_wconf 89' lang='lat' dir='ltr'>postquam</span> <span class='ocrx_word' id='word_1_72' title='bbox 386 1194 424 1258; x_wconf 89' lang='lat' dir='ltr'>ad</span> <span class='ocrx_word' id='word_1_73' title='bbox 451 1193 601 1258; x_wconf 88' lang='lat' dir='ltr'>Mundam</span> <span class='ocrx_word' id='word_1_74' title='bbox 629 1194 736 1256; x_wconf 87' lang='lat' dir='ltr'>hostes</span> <span class='ocrx_word' id='word_1_75' title='bbox 765 1193 894 1267; x_wconf 91' lang='lat' dir='ltr'>devicit,</span> <span class='ocrx_word' id='word_1_76' title='bbox 926 1193 1038 1256; x_wconf 81' lang='lat' dir='ltr'>Itinere</span> <span class='ocrx_word' id='word_1_77' title='bbox 1066 1191 1149 1256; x_wconf 87' lang='lat' dir='ltr'>facto</span> <span class='ocrx_word' id='word_1_78' title='bbox 1176 1211 1237 1256; x_wconf 93' lang='lat' dir='ltr'>non</span> <span class='ocrx_word' id='word_1_79' title='bbox 1261 1191 1367 1275; x_wconf 91' lang='lat' dir='ltr'>procul</span> <span class='ocrx_word' id='word_1_80' title='bbox 1397 1191 1435 1254; x_wconf 90' lang='grc'>61</span> <span class='ocrx_word' id='word_1_81' title='bbox 1465 1192 1539 1255; x_wconf 89' lang='lat' dir='ltr'>urbe</span> <span class='ocrx_word' id='word_1_82' title='bbox 1567 1192 1708 1258; x_wconf 89' lang='lat' dir='ltr'>Corduba</span> <span class='ocrx_word' id='word_1_83' title='bbox 1735 1196 1838 1261; x_wconf 84' lang='lat' dir='ltr'>castra</span> <span class='ocrx_word' id='word_1_84' title='bbox 1864 1200 1978 1282; x_wconf 90' lang='lat' dir='ltr'>posuit,</span> 
     </span>
     <span class='ocr_line' id='line_1_9' title="bbox 194 1294 1978 1386; baseline 0.003 -24"><span class='ocrx_word' id='word_1_85' title='bbox 194 1317 286 1381; x_wconf 87' lang='lat' dir='ltr'>quare</span> <span class='ocrx_word' id='word_1_86' title='bbox 316 1297 541 1372; x_wconf 88' lang='lat' dir='ltr'>Cordubenses,</span> <span class='ocrx_word' id='word_1_87' title='bbox 580 1295 632 1378; x_wconf 91' lang='lat' dir='ltr'>qui</span> <span class='ocrx_word' id='word_1_88' title='bbox 661 1313 679 1358; x_wconf 90' lang='lat' dir='ltr'>a</span> <span class='ocrx_word' id='word_1_89' title='bbox 708 1295 849 1377; x_wconf 87' lang='lat' dir='ltr'>Pompeii</span> <span class='ocrx_word' id='word_1_90' title='bbox 878 1295 1018 1376; x_wconf 86' lang='lat' dir='ltr'>partibus</span> <span class='ocrx_word' id='word_1_91' title='bbox 1051 1296 1218 1374; x_wconf 88' lang='lat' dir='ltr'>steterant,</span> <span class='ocrx_word' id='word_1_92' title='bbox 1252 1294 1379 1359; x_wconf 87' lang='lat' dir='ltr'>adverso</span> <span class='ocrx_word' id='word_1_93' title='bbox 1408 1296 1525 1376; x_wconf 85' lang='lat' dir='ltr'>proeIIo</span> <span class='ocrx_word' id='word_1_94' title='bbox 1555 1297 1848 1384; x_wconf 80' lang='lat' dir='ltr'>calamitatibusque</span> <span class='ocrx_word' id='word_1_95' title='bbox 1881 1322 1978 1386; x_wconf 90' lang='lat' dir='ltr'>paone</span> 
     </span>
     <span class='ocr_line' id='line_1_10' title="bbox 194 1399 1979 1484; baseline 0.002 -16"><span class='ocrx_word' id='word_1_96' title='bbox 194 1404 287 1468; x_wconf 87' lang='lat' dir='ltr'>fracti</span> <span class='ocrx_word' id='word_1_97' title='bbox 309 1403 346 1467; x_wconf 90' lang='lat' dir='ltr'>de</span> <span class='ocrx_word' id='word_1_98' title='bbox 369 1403 469 1466; x_wconf 90' lang='lat' dir='ltr'>salute</span> <span class='ocrx_word' id='word_1_99' title='bbox 493 1421 548 1468; x_wconf 87' lang='lat' dir='ltr'>sua</span> <span class='ocrx_word' id='word_1_100' title='bbox 570 1401 779 1484; x_wconf 87' lang='lat' dir='ltr'>desperarunt.</span> <span class='ocrx_word' id='word_1_101' title='bbox 824 1401 905 1464; x_wconf 83' lang='lat' dir='ltr'>Tum</span> <span class='ocrx_word' id='word_1_102' title='bbox 926 1399 1030 1482; x_wconf 88' lang='lat' dir='ltr'>pergit</span> <span class='ocrx_word' id='word_1_103' title='bbox 1051 1399 1199 1482; x_wconf 87' lang='lat' dir='ltr'>scriptor:</span> <span class='ocrx_word' id='word_1_104' title='bbox 1230 1399 1407 1482; x_wconf 85' lang='lat' dir='ltr'>Scapula</span> <span class='ocrx_word' id='word_1_105' title='bbox 1429 1400 1565 1464; x_wconf 91' lang='lat' dir='ltr'>totius</span> <span class='ocrx_word' id='word_1_106' title='bbox 1589 1402 1832 1481; x_wconf 88' lang='lat' dir='ltr'>seditionis,</span> <span class='ocrx_word' id='word_1_107' title='bbox 1856 1406 1979 1471; x_wconf 89' lang='lat' dir='ltr'>fami-</span> 
     </span>
     <span class='ocr_line' id='line_1_11' title="bbox 194 1501 1980 1587; baseline 0.002 -16"><span class='ocrx_word' id='word_1_108' title='bbox 194 1507 278 1572; x_wconf 89' lang='grc'><strong>1166</strong></span> <span class='ocrx_word' id='word_1_109' title='bbox 305 1506 344 1569; x_wconf 91' lang='grc'>61</span> <span class='ocrx_word' id='word_1_110' title='bbox 370 1505 666 1570; x_wconf 88' lang='lat' dir='ltr'>libertinorum</span> <span class='ocrx_word' id='word_1_111' title='bbox 695 1505 830 1587; x_wconf 90' lang='lat' dir='ltr'>eaput,</span> <span class='ocrx_word' id='word_1_112' title='bbox 861 1523 907 1566; x_wconf 85' lang='lat' dir='ltr'>er</span> <span class='ocrx_word' id='word_1_113' title='bbox 934 1502 1091 1586; x_wconf 88' lang='lat' dir='ltr'>proelio</span> <span class='ocrx_word' id='word_1_114' title='bbox 1114 1501 1338 1566; x_wconf 86' lang='lat' dir='ltr'>Cordubam</span> <span class='ocrx_word' id='word_1_115' title='bbox 1366 1521 1451 1566; x_wconf 90' lang='lat' dir='ltr'>eum</span> <span class='ocrx_word' id='word_1_116' title='bbox 1479 1505 1684 1582; x_wconf 87' lang='lat' dir='ltr'>venisset,</span> <span class='ocrx_word' id='word_1_117' title='bbox 1707 1507 1917 1574; x_wconf 84' lang='lat' dir='ltr'>familiam</span> <span class='ocrx_word' id='word_1_118' title='bbox 1941 1512 1980 1576; x_wconf 90' lang='lat' dir='ltr'>et</span> 
     </span>
     <span class='ocr_line' id='line_1_12' title="bbox 194 1605 1979 1702; baseline 0.004 -29"><span class='ocrx_word' id='word_1_119' title='bbox 194 1608 375 1674; x_wconf 90' lang='lat' dir='ltr'>libertos</span> <span class='ocrx_word' id='word_1_120' title='bbox 397 1609 658 1684; x_wconf 84' lang='lat' dir='ltr'>convocavit,</span> <span class='ocrx_word' id='word_1_121' title='bbox 682 1627 819 1691; x_wconf 89' lang='lat' dir='ltr'>pyram</span> <span class='ocrx_word' id='word_1_122' title='bbox 843 1607 925 1670; x_wconf 88' lang='lat' dir='ltr'>sihi</span> <span class='ocrx_word' id='word_1_123' title='bbox 948 1607 1132 1670; x_wconf 83' lang='grc'><strong>61611611</strong></span> <span class='ocrx_word' id='word_1_124' title='bbox 1152 1605 1210 1702; x_wconf 80' lang='lat' dir='ltr'>etc.</span> <span class='ocrx_word' id='word_1_125' title='bbox 1238 1605 1358 1670; x_wconf 89' lang='lat' dir='ltr'>Deinde</span> <span class='ocrx_word' id='word_1_126' title='bbox 1378 1609 1498 1684; x_wconf 89' lang='lat' dir='ltr'>narrat,</span> <span class='ocrx_word' id='word_1_127' title='bbox 1520 1609 1671 1690; x_wconf 88' lang='lat' dir='ltr'>quomodo</span> <span class='ocrx_word' id='word_1_128' title='bbox 1692 1610 1824 1694; x_wconf 86' lang='lat' dir='ltr'>Scapula</span> <span class='ocrx_word' id='word_1_129' title='bbox 1846 1617 1979 1680; x_wconf 90' lang='lat' dir='ltr'>mortem</span> 
     </span>
     <span class='ocr_line' id='line_1_13' title="bbox 196 1709 1980 1794; baseline 0.006 -18"><span class='ocrx_word' id='word_1_130' title='bbox 196 1713 256 1776; x_wconf 91' lang='lat' dir='ltr'>sibi</span> <span class='ocrx_word' id='word_1_131' title='bbox 277 1714 469 1778; x_wconf 82' lang='lat' dir='ltr'>consciverit</span> <span class='ocrx_word' id='word_1_132' title='bbox 514 1713 605 1777; x_wconf 89' lang='lat' dir='ltr'>Haud</span> <span class='ocrx_word' id='word_1_133' title='bbox 629 1715 706 1790; x_wconf 90' lang='lat' dir='ltr'>scio,</span> <span class='ocrx_word' id='word_1_134' title='bbox 730 1731 769 1776; x_wconf 93' lang='lat' dir='ltr'>an</span> <span class='ocrx_word' id='word_1_135' title='bbox 792 1730 914 1775; x_wconf 88' lang='lat' dir='ltr'>meeum</span> <span class='ocrx_word' id='word_1_136' title='bbox 938 1711 1071 1786; x_wconf 88' lang='lat' dir='ltr'>sentias,</span> <span class='ocrx_word' id='word_1_137' title='bbox 1094 1709 1345 1794; x_wconf 88' lang='lat' dir='ltr'>interpolationis</span> <span class='ocrx_word' id='word_1_138' title='bbox 1363 1711 1478 1776; x_wconf 90' lang='lat' dir='ltr'>indicia</span> <span class='ocrx_word' id='word_1_139' title='bbox 1493 1713 1595 1777; x_wconf 89' lang='lat' dir='ltr'>inesse</span> <span class='ocrx_word' id='word_1_140' title='bbox 1611 1715 1644 1777; x_wconf 94' lang='lat' dir='ltr'>in</span> <span class='ocrx_word' id='word_1_141' title='bbox 1662 1717 1766 1780; x_wconf 85' lang='lat' dir='ltr'>verbis</span> <span class='ocrx_word' id='word_1_142' title='bbox 1786 1718 1980 1786; x_wconf 90' lang='lat' dir='ltr'>familiae</span> 
     </span>
     <span class='ocr_line' id='line_1_14' title="bbox 196 1813 1979 1907; baseline 0.005 -27"><span class='ocrx_word' id='word_1_143' title='bbox 196 1819 235 1881; x_wconf 92' lang='grc'>61</span> <span class='ocrx_word' id='word_1_144' title='bbox 261 1817 570 1882; x_wconf 90' lang='lat' dir='ltr'>libertinorum.</span> <span class='ocrx_word' id='word_1_145' title='bbox 621 1817 662 1880; x_wconf 83' lang='lat' dir='ltr'>Et</span> <span class='ocrx_word' id='word_1_146' title='bbox 690 1816 824 1900; x_wconf 87' lang='lat' dir='ltr'>primunr</span> <span class='ocrx_word' id='word_1_147' title='bbox 852 1813 975 1897; x_wconf 89' lang='lat' dir='ltr'>quidem</span> <span class='ocrx_word' id='word_1_148' title='bbox 1003 1815 1095 1878; x_wconf 88' lang='lat' dir='ltr'>verba</span> <span class='ocrx_word' id='word_1_149' title='bbox 1123 1814 1295 1897; x_wconf 87' lang='lat' dir='ltr'>suspiciosa</span> <span class='ocrx_word' id='word_1_150' title='bbox 1322 1832 1390 1878; x_wconf 87' lang='lat' dir='ltr'>esse</span> <span class='ocrx_word' id='word_1_151' title='bbox 1419 1816 1482 1878; x_wconf 89' lang='lat' dir='ltr'>iam</span> <span class='ocrx_word' id='word_1_152' title='bbox 1510 1817 1581 1880; x_wconf 89' lang='lat' dir='ltr'>inde</span> <span class='ocrx_word' id='word_1_153' title='bbox 1609 1823 1749 1901; x_wconf 89' lang='lat' dir='ltr'>apparet,</span> <span class='ocrx_word' id='word_1_154' title='bbox 1779 1824 1859 1904; x_wconf 93' lang='lat' dir='ltr'>quod</span> <span class='ocrx_word' id='word_1_155' title='bbox 1887 1825 1979 1907; x_wconf 91' lang='lat' dir='ltr'>paulo</span> 
     </span>
     <span class='ocr_line' id='line_1_15' title="bbox 195 1918 1980 1990; baseline 0.003 -4"><span class='ocrx_word' id='word_1_156' title='bbox 195 1921 277 1986; x_wconf 88' lang='lat' dir='ltr'>infra</span> <span class='ocrx_word' id='word_1_157' title='bbox 303 1923 410 1986; x_wconf 89' lang='lat' dir='ltr'>eadem</span> <span class='ocrx_word' id='word_1_158' title='bbox 433 1921 498 1984; x_wconf 88' lang='lat' dir='ltr'>fere</span> <span class='ocrx_word' id='word_1_159' title='bbox 525 1921 619 1984; x_wconf 87' lang='lat' dir='ltr'>verba</span> <span class='ocrx_word' id='word_1_160' title='bbox 647 1939 708 1983; x_wconf 92' lang='lat' dir='ltr'>uuo</span> <span class='ocrx_word' id='word_1_161' title='bbox 735 1919 1029 1984; x_wconf 88' lang='lat' dir='ltr'>libertinorum</span> <span class='ocrx_word' id='word_1_162' title='bbox 1058 1918 1136 1982; x_wconf 89' lang='lat' dir='ltr'>mire</span> <span class='ocrx_word' id='word_1_163' title='bbox 1164 1919 1198 1981; x_wconf 93' lang='lat' dir='ltr'>in</span> <span class='ocrx_word' id='word_1_164' title='bbox 1226 1918 1406 1984; x_wconf 90' lang='lat' dir='ltr'>libertos</span> <span class='ocrx_word' id='word_1_165' title='bbox 1435 1922 1626 1986; x_wconf 84' lang='lat' dir='ltr'>commutato</span> <span class='ocrx_word' id='word_1_166' title='bbox 1654 1923 1814 1989; x_wconf 88' lang='lat' dir='ltr'>iterantur.</span> <span class='ocrx_word' id='word_1_167' title='bbox 1859 1927 1980 1990; x_wconf 91' lang='lat' dir='ltr'>Deinde</span> 
     </span>
     <span class='ocr_line' id='line_1_16' title="bbox 196 2023 1981 2109; baseline 0.003 -19"><span class='ocrx_word' id='word_1_168' title='bbox 196 2027 315 2102; x_wconf 90' lang='lat' dir='ltr'>autem,</span> <span class='ocrx_word' id='word_1_169' title='bbox 347 2026 399 2109; x_wconf 92' lang='lat' dir='ltr'>qui</span> <span class='ocrx_word' id='word_1_170' title='bbox 422 2024 548 2088; x_wconf 87' lang='lat' dir='ltr'>tandem</span> <span class='ocrx_word' id='word_1_171' title='bbox 571 2023 736 2088; x_wconf 88' lang='lat' dir='ltr'>intercedit</span> <span class='ocrx_word' id='word_1_172' title='bbox 764 2043 919 2087; x_wconf 80' lang='lat' dir='ltr'>connexus</span> <span class='ocrx_word' id='word_1_173' title='bbox 947 2023 1028 2088; x_wconf 91' lang='lat' dir='ltr'>iuter</span> <span class='ocrx_word' id='word_1_174' title='bbox 1054 2023 1146 2088; x_wconf 88' lang='lat' dir='ltr'>verba</span> <span class='ocrx_word' id='word_1_175' title='bbox 1173 2025 1331 2088; x_wconf 88' lang='lat' dir='ltr'>artissime</span> <span class='ocrx_word' id='word_1_176' title='bbox 1354 2025 1518 2088; x_wconf 89' lang='lat' dir='ltr'>coniuncta</span> <span class='ocrx_word' id='word_1_177' title='bbox 1540 2028 1662 2108; x_wconf 89' lang='lat' dir='ltr'>caput</span> <span class='ocrx_word' id='word_1_178' title='bbox 1694 2028 1926 2095; x_wconf 88' lang='lat' dir='ltr'>seditionis</span> <span class='ocrx_word' id='word_1_179' title='bbox 1948 2033 1981 2095; x_wconf 90' lang='lat' dir='ltr'>et</span> 
     </span>
     <span class='ocr_line' id='line_1_17' title="bbox 196 2119 1981 2218; baseline 0.002 -23"><span class='ocrx_word' id='word_1_180' title='bbox 196 2129 389 2196; x_wconf 84' lang='lat' dir='ltr'>familiae</span> <span class='ocrx_word' id='word_1_181' title='bbox 412 2129 443 2192; x_wconf 92' lang='lat' dir='ltr'>et</span> <span class='ocrx_word' id='word_1_182' title='bbox 463 2129 783 2192; x_wconf 82' lang='lat' dir='ltr'>libertinorum?</span> <span class='ocrx_word' id='word_1_183' title='bbox 832 2127 912 2206; x_wconf 81' lang='lat' dir='ltr'>Quid</span> <span class='ocrx_word' id='word_1_184' title='bbox 935 2129 1050 2192; x_wconf 86' lang='lat' dir='ltr'>attinet</span> <span class='ocrx_word' id='word_1_185' title='bbox 1070 2119 1108 2192; x_wconf 85' lang='lat' dir='ltr'>ad</span> <span class='ocrx_word' id='word_1_186' title='bbox 1130 2126 1338 2192; x_wconf 84' lang='lat' dir='ltr'>voluntariam</span> <span class='ocrx_word' id='word_1_187' title='bbox 1360 2127 1510 2212; x_wconf 87' lang='lat' dir='ltr'>Scapulae</span> <span class='ocrx_word' id='word_1_188' title='bbox 1533 2131 1680 2207; x_wconf 88' lang='lat' dir='ltr'>mortem,</span> <span class='ocrx_word' id='word_1_189' title='bbox 1704 2151 1771 2196; x_wconf 90' lang='lat' dir='ltr'>esse</span> <span class='ocrx_word' id='word_1_190' title='bbox 1794 2153 1865 2197; x_wconf 89' lang='lat' dir='ltr'>eum</span> <span class='ocrx_word' id='word_1_191' title='bbox 1888 2139 1981 2218; x_wconf 89' lang='lat' dir='ltr'>caput</span> 
     </span>
     <span class='ocr_line' id='line_1_18' title="bbox 196 2230 1979 2322; baseline 0.002 -21"><span class='ocrx_word' id='word_1_192' title='bbox 196 2236 336 2302; x_wconf 87' lang='lat' dir='ltr'>sarniliae</span> <span class='ocrx_word' id='word_1_193' title='bbox 357 2236 389 2299; x_wconf 88' lang='lat' dir='ltr'>et</span> <span class='ocrx_word' id='word_1_194' title='bbox 410 2234 649 2298; x_wconf 82' lang='lat' dir='ltr'>libertinorum?</span> <span class='ocrx_word' id='word_1_195' title='bbox 692 2233 838 2298; x_wconf 82' lang='lat' dir='ltr'>Profecto</span> <span class='ocrx_word' id='word_1_196' title='bbox 861 2232 948 2295; x_wconf 89' lang='lat' dir='ltr'>nihil.</span> <span class='ocrx_word' id='word_1_197' title='bbox 994 2230 1088 2295; x_wconf 89' lang='lat' dir='ltr'>Cuius</span> <span class='ocrx_word' id='word_1_198' title='bbox 1114 2231 1160 2294; x_wconf 89' lang='lat' dir='ltr'>rei</span> <span class='ocrx_word' id='word_1_199' title='bbox 1189 2249 1299 2295; x_wconf 87' lang='lat' dir='ltr'>caussa</span> <span class='ocrx_word' id='word_1_200' title='bbox 1324 2230 1490 2314; x_wconf 86' lang='lat' dir='ltr'>repetenda</span> <span class='ocrx_word' id='word_1_201' title='bbox 1518 2235 1649 2298; x_wconf 90' lang='lat' dir='ltr'>estnon</span> <span class='ocrx_word' id='word_1_202' title='bbox 1675 2235 1737 2300; x_wconf 85' lang='lat' dir='ltr'>nisi</span> <span class='ocrx_word' id='word_1_203' title='bbox 1760 2254 1795 2299; x_wconf 84' lang='lat' dir='ltr'>ex</span> <span class='ocrx_word' id='word_1_204' title='bbox 1818 2257 1870 2314; x_wconf 92' lang='lat' dir='ltr'>eo,</span> <span class='ocrx_word' id='word_1_205' title='bbox 1900 2239 1979 2322; x_wconf 89' lang='lat' dir='ltr'>quod</span> 
     </span>
     <span class='ocr_line' id='line_1_19' title="bbox 197 2335 1980 2423; baseline 0.002 -19"><span class='ocrx_word' id='word_1_206' title='bbox 197 2341 372 2422; x_wconf 89' lang='lat' dir='ltr'>seditionis,</span> <span class='ocrx_word' id='word_1_207' title='bbox 395 2359 472 2423; x_wconf 89' lang='lat' dir='ltr'>quae</span> <span class='ocrx_word' id='word_1_208' title='bbox 495 2340 601 2403; x_wconf 90' lang='lat' dir='ltr'>contra</span> <span class='ocrx_word' id='word_1_209' title='bbox 624 2337 787 2402; x_wconf 89' lang='lat' dir='ltr'>Caesarem</span> <span class='ocrx_word' id='word_1_210' title='bbox 810 2337 967 2402; x_wconf 83' lang='lat' dir='ltr'>Cordubae</span> <span class='ocrx_word' id='word_1_211' title='bbox 990 2337 1057 2400; x_wconf 88' lang='lat' dir='ltr'>orta</span> <span class='ocrx_word' id='word_1_212' title='bbox 1080 2337 1161 2411; x_wconf 89' lang='lat' dir='ltr'>erat,</span> <span class='ocrx_word' id='word_1_213' title='bbox 1193 2335 1295 2399; x_wconf 86' lang='lat' dir='ltr'>luerat</span> <span class='ocrx_word' id='word_1_214' title='bbox 1317 2339 1424 2410; x_wconf 76' lang='lat' dir='ltr'>auctor·</span> <span class='ocrx_word' id='word_1_215' title='bbox 1446 2339 1478 2400; x_wconf 91' lang='grc'>61</span> <span class='ocrx_word' id='word_1_216' title='bbox 1497 2341 1598 2420; x_wconf 91' lang='lat' dir='ltr'>caput.</span> <span class='ocrx_word' id='word_1_217' title='bbox 1643 2339 1726 2403; x_wconf 91' lang='lat' dir='ltr'>Male</span> <span class='ocrx_word' id='word_1_218' title='bbox 1751 2342 1884 2423; x_wconf 88' lang='lat' dir='ltr'>repetita</span> <span class='ocrx_word' id='word_1_219' title='bbox 1907 2345 1980 2407; x_wconf 91' lang='lat' dir='ltr'>sunt</span> 
     </span>
     <span class='ocr_line' id='line_1_20' title="bbox 196 2440 1981 2526; baseline 0.001 -18"><span class='ocrx_word' id='word_1_220' title='bbox 196 2445 272 2508; x_wconf 90' lang='lat' dir='ltr'>haee</span> <span class='ocrx_word' id='word_1_221' title='bbox 300 2443 391 2507; x_wconf 88' lang='lat' dir='ltr'>verba</span> <span class='ocrx_word' id='word_1_222' title='bbox 421 2461 456 2505; x_wconf 84' lang='lat' dir='ltr'>er</span> <span class='ocrx_word' id='word_1_223' title='bbox 482 2441 631 2526; x_wconf 87' lang='lat' dir='ltr'>proximis</span> <span class='ocrx_word' id='word_1_224' title='bbox 658 2440 798 2505; x_wconf 81' lang='lat' dir='ltr'>uersibus</span> <span class='ocrx_word' id='word_1_225' title='bbox 829 2459 872 2502; x_wconf 83' lang='lat' dir='ltr'>or</span> <span class='ocrx_word' id='word_1_226' title='bbox 901 2440 1060 2523; x_wconf 87' lang='lat' dir='ltr'>proelio</span> <span class='ocrx_word' id='word_1_227' title='bbox 1090 2440 1320 2512; x_wconf 75' lang='lat' dir='ltr'>,Cordubam</span> <span class='ocrx_word' id='word_1_228' title='bbox 1353 2460 1437 2506; x_wconf 90' lang='lat' dir='ltr'>oum</span> <span class='ocrx_word' id='word_1_229' title='bbox 1471 2443 1667 2522; x_wconf 87' lang='lat' dir='ltr'>venisset,</span> <span class='ocrx_word' id='word_1_230' title='bbox 1701 2443 1910 2509; x_wconf 89' lang='lat' dir='ltr'>familiam</span> <span class='ocrx_word' id='word_1_231' title='bbox 1941 2447 1981 2509; x_wconf 88' lang='lat' dir='ltr'>et</span> 
     </span>
     <span class='ocr_line' id='line_1_21' title="bbox 196 2544 1980 2632; baseline 0.001 -22"><span class='ocrx_word' id='word_1_232' title='bbox 196 2546 374 2610; x_wconf 87' lang='lat' dir='ltr'>libertos</span> <span class='ocrx_word' id='word_1_233' title='bbox 401 2545 654 2611; x_wconf 80' lang='grc'><strong>6661666111</strong></span> <span class='ocrx_word' id='word_1_234' title='bbox 699 2545 804 2610; x_wconf 90' lang='lat' dir='ltr'>Simili</span> <span class='ocrx_word' id='word_1_235' title='bbox 830 2544 1035 2626; x_wconf 89' lang='lat' dir='ltr'>complurium</span> <span class='ocrx_word' id='word_1_236' title='bbox 1062 2545 1224 2610; x_wconf 84' lang='lat' dir='ltr'>verborum</span> <span class='ocrx_word' id='word_1_237' title='bbox 1251 2545 1435 2628; x_wconf 91' lang='lat' dir='ltr'>repetitione</span> <span class='ocrx_word' id='word_1_238' title='bbox 1463 2546 1621 2611; x_wconf 88' lang='lat' dir='ltr'>turbatum</span> <span class='ocrx_word' id='word_1_239' title='bbox 1651 2567 1719 2612; x_wconf 88' lang='lat' dir='ltr'>esse</span> <span class='ocrx_word' id='word_1_240' title='bbox 1742 2549 1835 2632; x_wconf 89' lang='lat' dir='ltr'>caput</span> <span class='ocrx_word' id='word_1_241' title='bbox 1863 2551 1904 2614; x_wconf 88' lang='lat'>38</span> <span class='ocrx_word' id='word_1_242' title='bbox 1928 2549 1980 2614; x_wconf 90' lang='lat' dir='ltr'>de·</span> 
     </span>
     <span class='ocr_line' id='line_1_22' title="bbox 197 2649 894 2733; baseline -0.006 -17"><span class='ocrx_word' id='word_1_243' title='bbox 197 2651 351 2716; x_wconf 89' lang='lat' dir='ltr'>monstrat</span> <span class='ocrx_word' id='word_1_244' title='bbox 373 2651 551 2733; x_wconf 80' lang='lat' dir='ltr'>Madvigius</span> <span class='ocrx_word' id='word_1_245' title='bbox 574 2649 641 2714; x_wconf 83' lang='lat' dir='ltr'>adv.</span> <span class='ocrx_word' id='word_1_246' title='bbox 664 2650 733 2714; x_wconf 91' lang='lat' dir='ltr'>crit.</span> <span class='ocrx_word' id='word_1_247' title='bbox 754 2651 799 2726; x_wconf 92' lang='lat' dir='ltr'>II,</span> <span class='ocrx_word' id='word_1_248' title='bbox 823 2649 894 2714; x_wconf 82' lang='lat'>291.</span> 
     </span>
    </p>

    <p class='ocr_par' dir='ltr' id='par_1_4' title="bbox 197 2751 1989 4818">
     <span class='ocr_line' id='line_1_23' title="bbox 349 2751 1980 2840; baseline 0 -20"><span class='ocrx_word' id='word_1_249' title='bbox 349 2755 482 2832; x_wconf 88' lang='lat' dir='ltr'>XXXII,</span> <span class='ocrx_word' id='word_1_250' title='bbox 506 2757 533 2832; x_wconf 89' lang='lat' dir='ltr'>l,</span> <span class='ocrx_word' id='word_1_251' title='bbox 556 2757 575 2819; x_wconf 87' lang='grc'><strong>2</strong></span> <span class='ocrx_word' id='word_1_252' title='bbox 595 2756 655 2820; x_wconf 88' lang='lat' dir='ltr'>Ubi</span> <span class='ocrx_word' id='word_1_253' title='bbox 678 2755 809 2836; x_wconf 90' lang='lat' dir='ltr'>scriptor</span> <span class='ocrx_word' id='word_1_254' title='bbox 830 2753 1091 2837; x_wconf 85' lang='lat' dir='ltr'>oppugnationem</span> <span class='ocrx_word' id='word_1_255' title='bbox 1113 2751 1249 2818; x_wconf 90' lang='lat' dir='ltr'>Mundae</span> <span class='ocrx_word' id='word_1_256' title='bbox 1271 2754 1392 2830; x_wconf 87' lang='lat' dir='ltr'>narret,</span> <span class='ocrx_word' id='word_1_257' title='bbox 1418 2753 1490 2836; x_wconf 91' lang='lat' dir='ltr'>post</span> <span class='ocrx_word' id='word_1_258' title='bbox 1511 2753 1656 2817; x_wconf 89' lang='lat' dir='ltr'>lacunam</span> <span class='ocrx_word' id='word_1_259' title='bbox 1675 2772 1693 2817; x_wconf 90' lang='lat' dir='ltr'>a</span> <span class='ocrx_word' id='word_1_260' title='bbox 1714 2755 1900 2840; x_wconf 88' lang='lat' dir='ltr'>Nipperdeio</span> <span class='ocrx_word' id='word_1_261' title='bbox 1924 2776 1980 2822; x_wconf 92' lang='lat' dir='ltr'>no-</span> 
     </span>
     <span class='ocr_line' id='line_1_24' title="bbox 197 2856 1980 2941; baseline 0.003 -19"><span class='ocrx_word' id='word_1_262' title='bbox 197 2858 297 2922; x_wconf 89' lang='lat' dir='ltr'>tatam</span> <span class='ocrx_word' id='word_1_263' title='bbox 317 2859 394 2924; x_wconf 89' lang='grc'><strong>1666</strong></span> <span class='ocrx_word' id='word_1_264' title='bbox 421 2858 552 2922; x_wconf 88' lang='lat' dir='ltr'>eduntur</span> <span class='ocrx_word' id='word_1_265' title='bbox 572 2907 664 2926; x_wconf 91' lang='grc'><strong>......</strong></span> <span class='ocrx_word' id='word_1_266' title='bbox 686 2859 946 2941; x_wconf 87' lang='lat' dir='ltr'>virtutisque</span> <span class='ocrx_word' id='word_1_267' title='bbox 967 2856 1150 2939; x_wconf 87' lang='lat' dir='ltr'>insignia</span> <span class='ocrx_word' id='word_1_268' title='bbox 1171 2856 1386 2940; x_wconf 87' lang='lat' dir='ltr'>proposita</span> <span class='ocrx_word' id='word_1_269' title='bbox 1407 2856 1598 2921; x_wconf 86' lang='lat' dir='ltr'>viderent</span> <span class='ocrx_word' id='word_1_270' title='bbox 1619 2859 1658 2922; x_wconf 91' lang='lat' dir='ltr'>et</span> <span class='ocrx_word' id='word_1_271' title='bbox 1679 2859 1788 2926; x_wconf 87' lang='lat' dir='ltr'>vello</span> <span class='ocrx_word' id='word_1_272' title='bbox 1811 2863 1980 2926; x_wconf 90' lang='lat' dir='ltr'>circum·</span> 
     </span>
     <span class='ocr_line' id='line_1_25' title="bbox 198 2959 1989 3046; baseline 0.003 -22"><span class='ocrx_word' id='word_1_273' title='bbox 198 2960 479 3039; x_wconf 86' lang='lat' dir='ltr'>eluderentur,</span> <span class='ocrx_word' id='word_1_274' title='bbox 509 2963 569 3026; x_wconf 86' lang='lat' dir='ltr'>iba</span> <span class='ocrx_word' id='word_1_275' title='bbox 591 2962 698 3027; x_wconf 88' lang='lat' dir='ltr'>Gelli</span> <span class='ocrx_word' id='word_1_276' title='bbox 728 2961 911 3046; x_wconf 90' lang='lat' dir='ltr'>tragulis</span> <span class='ocrx_word' id='word_1_277' title='bbox 944 2959 1178 3042; x_wconf 89' lang='lat' dir='ltr'>iaculisque</span> <span class='ocrx_word' id='word_1_278' title='bbox 1208 2959 1394 3042; x_wconf 90' lang='lat' dir='ltr'>oppidum</span> <span class='ocrx_word' id='word_1_279' title='bbox 1423 2979 1466 3024; x_wconf 85' lang='lat' dir='ltr'>ex</span> <span class='ocrx_word' id='word_1_280' title='bbox 1495 2961 1679 3026; x_wconf 90' lang='lat' dir='ltr'>hostium</span> <span class='ocrx_word' id='word_1_281' title='bbox 1711 2963 1989 3030; x_wconf 86' lang='lat' dir='ltr'>cadaveribus</span> 
     </span>
     <span class='ocr_line' id='line_1_26' title="bbox 198 3064 1981 3150; baseline 0.001 -21"><span class='ocrx_word' id='word_1_282' title='bbox 198 3066 338 3148; x_wconf 90' lang='lat' dir='ltr'>[sunt]</span> <span class='ocrx_word' id='word_1_283' title='bbox 368 3066 639 3149; x_wconf 80' lang='lat' dir='ltr'>circumplexi</span> <span class='ocrx_word' id='word_1_284' title='bbox 667 3085 899 3150; x_wconf 86' lang='lat' dir='ltr'>oppugnare</span> <span class='ocrx_word' id='word_1_285' title='bbox 929 3065 1161 3150; x_wconf 89' lang='lat' dir='ltr'>coeperunt.</span> <span class='ocrx_word' id='word_1_286' title='bbox 1212 3065 1400 3128; x_wconf 88' lang='lat' dir='ltr'>Petavianus</span> <span class='ocrx_word' id='word_1_287' title='bbox 1424 3064 1531 3128; x_wconf 91' lang='lat' dir='ltr'>omisit</span> <span class='ocrx_word' id='word_1_288' title='bbox 1559 3067 1668 3142; x_wconf 89' lang='lat' dir='ltr'>sunt,</span> <span class='ocrx_word' id='word_1_289' title='bbox 1692 3067 1821 3132; x_wconf 88' lang='lat' dir='ltr'>seclusit</span> <span class='ocrx_word' id='word_1_290' title='bbox 1849 3068 1981 3150; x_wconf 91' lang='lat' dir='ltr'>Nipper-</span> 
     </span>
     <span class='ocr_line' id='line_1_27' title="bbox 198 3168 1982 3246; baseline 0.002 -14"><span class='ocrx_word' id='word_1_291' title='bbox 198 3169 294 3235; x_wconf 89' lang='lat' dir='ltr'>deius.</span> <span class='ocrx_word' id='word_1_292' title='bbox 337 3169 517 3234; x_wconf 87' lang='lat' dir='ltr'>Subiectum</span> <span class='ocrx_word' id='word_1_293' title='bbox 544 3170 630 3234; x_wconf 84' lang='lat' dir='ltr'>verbi</span> <span class='ocrx_word' id='word_1_294' title='bbox 660 3171 848 3235; x_wconf 87' lang='lat' dir='ltr'>viderent</span> <span class='ocrx_word' id='word_1_295' title='bbox 876 3171 967 3235; x_wconf 86' lang='lat' dir='ltr'>debet</span> <span class='ocrx_word' id='word_1_296' title='bbox 997 3188 1065 3234; x_wconf 90' lang='lat' dir='ltr'>esse</span> <span class='ocrx_word' id='word_1_297' title='bbox 1093 3168 1284 3246; x_wconf 82' lang='lat' dir='ltr'>Caesariani,</span> <span class='ocrx_word' id='word_1_298' title='bbox 1314 3169 1399 3234; x_wconf 88' lang='lat' dir='ltr'>verbi</span> <span class='ocrx_word' id='word_1_299' title='bbox 1427 3169 1859 3236; x_wconf 87' lang='lat' dir='ltr'>circumcluderentur</span> <span class='ocrx_word' id='word_1_300' title='bbox 1890 3171 1982 3236; x_wconf 91' lang='lat' dir='ltr'>debet</span> 
     </span>
     <span class='ocr_line' id='line_1_28' title="bbox 198 3273 1981 3358; baseline 0 -20"><span class='ocrx_word' id='word_1_301' title='bbox 198 3293 267 3338; x_wconf 88' lang='grc'><strong>6666</strong></span> <span class='ocrx_word' id='word_1_302' title='bbox 288 3273 526 3351; x_wconf 89' lang='lat' dir='ltr'>Mundinenses,</span> <span class='ocrx_word' id='word_1_303' title='bbox 550 3293 626 3357; x_wconf 83' lang='lat' dir='ltr'>qaae</span> <span class='ocrx_word' id='word_1_304' title='bbox 648 3275 751 3339; x_wconf 86' lang='lat' dir='ltr'>subita</span> <span class='ocrx_word' id='word_1_305' title='bbox 771 3276 903 3340; x_wconf 87' lang='lat' dir='ltr'>subiecti</span> <span class='ocrx_word' id='word_1_306' title='bbox 924 3275 1055 3340; x_wconf 90' lang='lat' dir='ltr'>variatio</span> <span class='ocrx_word' id='word_1_307' title='bbox 1071 3275 1129 3339; x_wconf 93' lang='lat' dir='ltr'>hoc</span> <span class='ocrx_word' id='word_1_308' title='bbox 1146 3276 1178 3339; x_wconf 93' lang='lat' dir='ltr'>in</span> <span class='ocrx_word' id='word_1_309' title='bbox 1199 3274 1279 3338; x_wconf 88' lang='lat' dir='ltr'>libro</span> <span class='ocrx_word' id='word_1_310' title='bbox 1302 3291 1363 3336; x_wconf 95' lang='lat' dir='ltr'>non</span> <span class='ocrx_word' id='word_1_311' title='bbox 1385 3273 1433 3337; x_wconf 90' lang='lat' dir='ltr'>est</span> <span class='ocrx_word' id='word_1_312' title='bbox 1454 3273 1617 3338; x_wconf 87' lang='lat' dir='ltr'>offensioni</span> <span class='ocrx_word' id='word_1_313' title='bbox 1640 3273 1711 3356; x_wconf 89' lang='lat' dir='ltr'>[cfr.</span> <span class='ocrx_word' id='word_1_314' title='bbox 1723 3276 1783 3350; x_wconf 89' lang='grc'>9,1</span> <span class='ocrx_word' id='word_1_315' title='bbox 1808 3277 1981 3358; x_wconf 68' lang='lat' dir='ltr'>Pompe·-</span> 
     </span>
     <span class='ocr_line' id='line_1_29' title="bbox 199 3377 1981 3462; baseline 0.001 -20"><span class='ocrx_word' id='word_1_316' title='bbox 199 3377 277 3454; x_wconf 88' lang='lat' dir='ltr'>ius,</span> <span class='ocrx_word' id='word_1_317' title='bbox 300 3377 399 3460; x_wconf 89' lang='lat' dir='ltr'>quod</span> <span class='ocrx_word' id='word_1_318' title='bbox 422 3377 557 3442; x_wconf 87' lang='lat' dir='ltr'>eodem</span> <span class='ocrx_word' id='word_1_319' title='bbox 579 3378 673 3460; x_wconf 89' lang='lat' dir='ltr'>iugo</span> <span class='ocrx_word' id='word_1_320' title='bbox 696 3379 916 3462; x_wconf 88' lang='lat' dir='ltr'>tegebatur</span> <span class='ocrx_word' id='word_1_321' title='bbox 935 3378 1018 3442; x_wconf 90' lang='lat' dir='ltr'>loci</span> <span class='ocrx_word' id='word_1_322' title='bbox 1039 3380 1197 3456; x_wconf 89' lang='lat' dir='ltr'>natura,</span> <span class='ocrx_word' id='word_1_323' title='bbox 1220 3379 1260 3441; x_wconf 89' lang='grc'>61</span> <span class='ocrx_word' id='word_1_324' title='bbox 1280 3377 1478 3441; x_wconf 87' lang='lat' dir='ltr'>remotum</span> <span class='ocrx_word' id='word_1_325' title='bbox 1505 3379 1595 3442; x_wconf 88' lang='lat' dir='ltr'>erat</span> <span class='ocrx_word' id='word_1_326' title='bbox 1616 3397 1634 3442; x_wconf 91' lang='lat' dir='ltr'>a</span> <span class='ocrx_word' id='word_1_327' title='bbox 1656 3379 1811 3442; x_wconf 90' lang='lat' dir='ltr'>castris</span> <span class='ocrx_word' id='word_1_328' title='bbox 1833 3378 1981 3444; x_wconf 87' lang='lat' dir='ltr'>Caesa-</span> 
     </span>
     <span class='ocr_line' id='line_1_30' title="bbox 199 3479 1981 3565; baseline 0.002 -22"><span class='ocrx_word' id='word_1_329' title='bbox 199 3480 273 3556; x_wconf 92' lang='lat' dir='ltr'>ris,</span> <span class='ocrx_word' id='word_1_330' title='bbox 297 3479 653 3546; x_wconf 87' lang='lat' dir='ltr'>animadvertebat</span> <span class='ocrx_word' id='word_1_331' title='bbox 675 3483 743 3559; x_wconf 87' lang='lat' dir='ltr'>etc,</span> <span class='ocrx_word' id='word_1_332' title='bbox 771 3485 826 3559; x_wconf 87' lang='lat'>16,</span> <span class='ocrx_word' id='word_1_333' title='bbox 849 3484 868 3546; x_wconf 82' lang='lat' dir='ltr'>o</span> <span class='ocrx_word' id='word_1_334' title='bbox 891 3501 982 3547; x_wconf 87' lang='lat' dir='ltr'>nam</span> <span class='ocrx_word' id='word_1_335' title='bbox 1005 3500 1073 3548; x_wconf 90' lang='lat' dir='ltr'>eos</span> <span class='ocrx_word' id='word_1_336' title='bbox 1095 3483 1201 3546; x_wconf 91' lang='lat' dir='ltr'>nihil</span> <span class='ocrx_word' id='word_1_337' title='bbox 1223 3482 1442 3558; x_wconf 87' lang='lat' dir='ltr'>meruisse,</span> <span class='ocrx_word' id='word_1_338' title='bbox 1473 3500 1595 3565; x_wconf 90' lang='lat' dir='ltr'>quare</span> <span class='ocrx_word' id='word_1_339' title='bbox 1626 3482 1703 3546; x_wconf 90' lang='lat' dir='ltr'>tali</span> <span class='ocrx_word' id='word_1_340' title='bbox 1724 3501 1855 3564; x_wconf 90' lang='lat' dir='ltr'>poena</span> <span class='ocrx_word' id='word_1_341' title='bbox 1876 3482 1981 3548; x_wconf 87' lang='lat' dir='ltr'>alfi-</span> 
     </span>
     <span class='ocr_line' id='line_1_31' title="bbox 200 3584 1981 3669; baseline 0.002 -21"><span class='ocrx_word' id='word_1_342' title='bbox 200 3584 411 3660; x_wconf 89' lang='lat' dir='ltr'>cerentur,</span> <span class='ocrx_word' id='word_1_343' title='bbox 445 3585 511 3668; x_wconf 88' lang='lat' dir='ltr'>qui</span> <span class='ocrx_word' id='word_1_344' title='bbox 539 3603 605 3649; x_wconf 90' lang='lat' dir='ltr'>eos</span> <span class='ocrx_word' id='word_1_345' title='bbox 627 3585 673 3648; x_wconf 92' lang='lat' dir='ltr'>ad</span> <span class='ocrx_word' id='word_1_346' title='bbox 693 3605 782 3650; x_wconf 92' lang='lat' dir='ltr'>aras</span> <span class='ocrx_word' id='word_1_347' title='bbox 813 3588 852 3650; x_wconf 91' lang='lat' dir='ltr'>et</span> <span class='ocrx_word' id='word_1_348' title='bbox 881 3585 997 3652; x_wconf 90' lang='lat' dir='ltr'>focos</span> <span class='ocrx_word' id='word_1_349' title='bbox 1027 3605 1124 3651; x_wconf 91' lang='lat' dir='ltr'>suos</span> <span class='ocrx_word' id='word_1_350' title='bbox 1152 3586 1426 3669; x_wconf 88' lang='lat' dir='ltr'>recepissent,</span> <span class='ocrx_word' id='word_1_351' title='bbox 1458 3604 1604 3667; x_wconf 88' lang='lat' dir='ltr'>eosque</span> <span class='ocrx_word' id='word_1_352' title='bbox 1633 3586 1862 3668; x_wconf 91' lang='lat' dir='ltr'>hospitium</span> <span class='ocrx_word' id='word_1_353' title='bbox 1893 3606 1981 3652; x_wconf 89' lang='grc'><strong>666-</strong></span> 
     </span>
     <span class='ocr_line' id='line_1_32' title="bbox 199 3688 1981 3774; baseline 0.002 -22"><span class='ocrx_word' id='word_1_354' title='bbox 199 3688 282 3752; x_wconf 89' lang='grc'><strong>1616</strong></span> <span class='ocrx_word' id='word_1_355' title='bbox 310 3689 644 3771; x_wconf 60' lang='lat' dir='ltr'>contaminasset</span> <span class='ocrx_word' id='word_1_356' title='bbox 689 3691 810 3754; x_wconf 91' lang='lat' dir='ltr'>Vitium</span> <span class='ocrx_word' id='word_1_357' title='bbox 832 3692 911 3755; x_wconf 90' lang='lat' dir='ltr'>latet</span> <span class='ocrx_word' id='word_1_358' title='bbox 933 3691 965 3755; x_wconf 93' lang='lat' dir='ltr'>in</span> <span class='ocrx_word' id='word_1_359' title='bbox 992 3690 1084 3756; x_wconf 91' lang='lat' dir='ltr'>verbo</span> <span class='ocrx_word' id='word_1_360' title='bbox 1107 3690 1229 3756; x_wconf 83' lang='lat' dir='ltr'>Galli.</span> <span class='ocrx_word' id='word_1_361' title='bbox 1273 3690 1352 3756; x_wconf 88' lang='lat' dir='ltr'>Sane</span> <span class='ocrx_word' id='word_1_362' title='bbox 1380 3689 1504 3772; x_wconf 87' lang='lat' dir='ltr'>quidem</span> <span class='ocrx_word' id='word_1_363' title='bbox 1533 3689 1655 3772; x_wconf 89' lang='lat' dir='ltr'>tragula</span> <span class='ocrx_word' id='word_1_364' title='bbox 1684 3689 1845 3754; x_wconf 86' lang='lat' dir='ltr'>Gallorum</span> <span class='ocrx_word' id='word_1_365' title='bbox 1859 3691 1883 3774; x_wconf 87' lang='lat'>¹)</span> <span class='ocrx_word' id='word_1_366' title='bbox 1911 3709 1981 3774; x_wconf 84' lang='lat' dir='ltr'>pro-</span> 
     </span>
     <span class='ocr_line' id='line_1_33' title="bbox 197 3793 1981 3878; baseline 0.002 -22"><span class='ocrx_word' id='word_1_367' title='bbox 197 3795 300 3878; x_wconf 89' lang='lat' dir='ltr'>prium</span> <span class='ocrx_word' id='word_1_368' title='bbox 329 3794 378 3858; x_wconf 91' lang='grc'>661</span> <span class='ocrx_word' id='word_1_369' title='bbox 410 3793 524 3870; x_wconf 90' lang='lat' dir='ltr'>telum,</span> <span class='ocrx_word' id='word_1_370' title='bbox 553 3793 605 3857; x_wconf 87' lang='lat' dir='ltr'>aed</span> <span class='ocrx_word' id='word_1_371' title='bbox 633 3795 803 3858; x_wconf 88' lang='grc'><strong>6616116111</strong></span> <span class='ocrx_word' id='word_1_372' title='bbox 833 3795 866 3858; x_wconf 87' lang='lat' dir='ltr'>iu</span> <span class='ocrx_word' id='word_1_373' title='bbox 896 3793 1039 3858; x_wconf 89' lang='lat' dir='ltr'>manibus</span> <span class='ocrx_word' id='word_1_374' title='bbox 1069 3794 1370 3877; x_wconf 77' lang='lat' dir='ltr'>Hispaniensium.²)</span> <span class='ocrx_word' id='word_1_375' title='bbox 1402 3793 1520 3876; x_wconf 77' lang='lat' dir='ltr'>,Neque</span> <span class='ocrx_word' id='word_1_376' title='bbox 1548 3812 1618 3858; x_wconf 88' lang='lat' dir='ltr'>vero</span> <span class='ocrx_word' id='word_1_377' title='bbox 1644 3793 1701 3856; x_wconf 90' lang='grc'>166</span> <span class='ocrx_word' id='word_1_378' title='bbox 1728 3793 1811 3858; x_wconf 88' lang='grc'><strong>66166</strong></span> <span class='ocrx_word' id='word_1_379' title='bbox 1840 3794 1981 3860; x_wconf 88' lang='lat' dir='ltr'>natIones</span> 
     </span>
     <span class='ocr_line' id='line_1_34' title="bbox 198 3896 1982 3980; baseline -0.001 -18"><span class='ocrx_word' id='word_1_380' title='bbox 198 3901 256 3962; x_wconf 92' lang='lat' dir='ltr'>hoc</span> <span class='ocrx_word' id='word_1_381' title='bbox 286 3897 348 3962; x_wconf 91' lang='lat' dir='ltr'>telo</span> <span class='ocrx_word' id='word_1_382' title='bbox 380 3917 452 3962; x_wconf 88' lang='lat' dir='ltr'>usas</span> <span class='ocrx_word' id='word_1_383' title='bbox 481 3915 562 3974; x_wconf 88' lang='grc'><strong>6666,</strong></span> <span class='ocrx_word' id='word_1_384' title='bbox 596 3897 648 3961; x_wconf 89' lang='lat' dir='ltr'>sed</span> <span class='ocrx_word' id='word_1_385' title='bbox 677 3899 772 3962; x_wconf 89' lang='lat' dir='ltr'>etiam</span> <span class='ocrx_word' id='word_1_386' title='bbox 803 3897 989 3980; x_wconf 89' lang='lat' dir='ltr'>legionarios</span> <span class='ocrx_word' id='word_1_387' title='bbox 1020 3899 1191 3976; x_wconf 84' lang='lat' dir='ltr'>Romanos,</span> <span class='ocrx_word' id='word_1_388' title='bbox 1222 3899 1314 3962; x_wconf 92' lang='lat' dir='ltr'>huius</span> <span class='ocrx_word' id='word_1_389' title='bbox 1344 3897 1390 3962; x_wconf 90' lang='lat' dir='ltr'>rei</span> <span class='ocrx_word' id='word_1_390' title='bbox 1419 3897 1703 3962; x_wconf 88' lang='lat' dir='ltr'>luculentissimum</span> <span class='ocrx_word' id='word_1_391' title='bbox 1726 3896 1900 3980; x_wconf 82' lang='lat' dir='ltr'>exemplum</span> <span class='ocrx_word' id='word_1_392' title='bbox 1933 3897 1982 3960; x_wconf 91' lang='lat' dir='ltr'>est</span> 
     </span>
     <span class='ocr_line' id='line_1_35' title="bbox 198 4000 1981 4086; baseline -0.002 -18"><span class='ocrx_word' id='word_1_393' title='bbox 198 4003 315 4081; x_wconf 90' lang='lat' dir='ltr'>B.C.I,</span> <span class='ocrx_word' id='word_1_394' title='bbox 332 4003 373 4067; x_wconf 83' lang='lat'>57</span> <span class='ocrx_word' id='word_1_395' title='bbox 393 4002 438 4066; x_wconf 94' lang='lat' dir='ltr'>hi</span> <span class='ocrx_word' id='word_1_396' title='bbox 457 4021 498 4067; x_wconf 90' lang='lat' dir='ltr'>se.</span> <span class='ocrx_word' id='word_1_397' title='bbox 515 4000 679 4084; x_wconf 88' lang='lat' dir='ltr'>legionarii</span> <span class='ocrx_word' id='word_1_398' title='bbox 706 4001 834 4064; x_wconf 90' lang='lat' dir='ltr'>electi</span> <span class='ocrx_word' id='word_1_399' title='bbox 857 4019 902 4064; x_wconf 86' lang='lat' dir='ltr'>er</span> <span class='ocrx_word' id='word_1_400' title='bbox 925 4001 1113 4068; x_wconf 88' lang='lat' dir='ltr'>omnibus</span> <span class='ocrx_word' id='word_1_401' title='bbox 1141 4003 1385 4086; x_wconf 88' lang='lat' dir='ltr'>legionibus</span> <span class='ocrx_word' id='word_1_402' title='bbox 1407 4001 1693 4084; x_wconf 90' lang='lat' dir='ltr'>antesignani,</span> <span class='ocrx_word' id='word_1_403' title='bbox 1716 4001 1981 4065; x_wconf 91' lang='lat' dir='ltr'>centuriones</span> 
     </span>
     <span class='ocr_line' id='line_1_36' title="bbox 200 4093 1982 4190; baseline -0.001 -20"><span class='ocrx_word' id='word_1_404' title='bbox 200 4107 323 4170; x_wconf 91' lang='lat' dir='ltr'>Bruto</span> <span class='ocrx_word' id='word_1_405' title='bbox 351 4106 449 4170; x_wconf 88' lang='lat' dir='ltr'>duce</span> <span class='ocrx_word' id='word_1_406' title='bbox 470 4105 611 4170; x_wconf 90' lang='lat' dir='ltr'>eontra</span> <span class='ocrx_word' id='word_1_407' title='bbox 631 4093 927 4170; x_wconf 87' lang='lat' dir='ltr'>Massilienses</span> <span class='ocrx_word' id='word_1_408' title='bbox 947 4107 1193 4190; x_wconf 88' lang='lat' dir='ltr'>pugnantes,</span> <span class='ocrx_word' id='word_1_409' title='bbox 1227 4125 1364 4172; x_wconf 88' lang='lat' dir='ltr'>manus</span> <span class='ocrx_word' id='word_1_410' title='bbox 1396 4107 1548 4172; x_wconf 87' lang='lat' dir='ltr'>ferreas</span> <span class='ocrx_word' id='word_1_411' title='bbox 1577 4106 1699 4188; x_wconf 89' lang='lat' dir='ltr'>atque</span> <span class='ocrx_word' id='word_1_412' title='bbox 1732 4107 1982 4188; x_wconf 87' lang='lat' dir='ltr'>harpagones</span> 
     </span>
     <span class='ocr_line' id='line_1_37' title="bbox 199 4207 1981 4296; baseline -0.001 -24"><span class='ocrx_word' id='word_1_413' title='bbox 199 4211 440 4292; x_wconf 87' lang='lat' dir='ltr'>paraverant</span> <span class='ocrx_word' id='word_1_414' title='bbox 470 4228 691 4292; x_wconf 89' lang='lat' dir='ltr'>magnoque</span> <span class='ocrx_word' id='word_1_415' title='bbox 725 4229 888 4276; x_wconf 87' lang='lat' dir='ltr'>numero</span> <span class='ocrx_word' id='word_1_416' title='bbox 918 4211 1111 4296; x_wconf 91' lang='lat' dir='ltr'>pilorum,</span> <span class='ocrx_word' id='word_1_417' title='bbox 1149 4210 1340 4294; x_wconf 68' lang='lat' dir='ltr'>tragularum</span> <span class='ocrx_word' id='word_1_418' title='bbox 1371 4213 1704 4296; x_wconf 87' lang='lat' dir='ltr'>reliquarumque</span> <span class='ocrx_word' id='word_1_419' title='bbox 1743 4207 1981 4274; x_wconf 89' lang='lat' dir='ltr'>telorumse</span> 
     </span>
     <span class='ocr_line' id='line_1_38' title="bbox 200 4311 1982 4400; baseline -0.001 -24"><span class='ocrx_word' id='word_1_420' title='bbox 200 4312 495 4380; x_wconf 80' lang='lat' dir='ltr'>instruxerant</span> <span class='ocrx_word' id='word_1_421' title='bbox 545 4317 653 4399; x_wconf 89' lang='lat' dir='ltr'>Itaque</span> <span class='ocrx_word' id='word_1_422' title='bbox 682 4335 698 4380; x_wconf 92' lang='grc'>6</span> <span class='ocrx_word' id='word_1_423' title='bbox 729 4316 875 4382; x_wconf 87' lang='lat' dir='ltr'>vocabulo</span> <span class='ocrx_word' id='word_1_424' title='bbox 908 4315 1075 4400; x_wconf 86' lang='lat' dir='ltr'>tragula</span> <span class='ocrx_word' id='word_1_425' title='bbox 1102 4335 1163 4382; x_wconf 92' lang='lat' dir='ltr'>non</span> <span class='ocrx_word' id='word_1_426' title='bbox 1196 4316 1369 4382; x_wconf 88' lang='lat' dir='ltr'>necessario</span> <span class='ocrx_word' id='word_1_427' title='bbox 1404 4316 1550 4400; x_wconf 88' lang='lat' dir='ltr'>sequitur,</span> <span class='ocrx_word' id='word_1_428' title='bbox 1586 4315 1621 4378; x_wconf 91' lang='lat' dir='ltr'>ut</span> <span class='ocrx_word' id='word_1_429' title='bbox 1649 4312 1733 4378; x_wconf 87' lang='lat' dir='ltr'>Calli</span> <span class='ocrx_word' id='word_1_430' title='bbox 1760 4312 1891 4390; x_wconf 83' lang='lat' dir='ltr'>luerint,</span> <span class='ocrx_word' id='word_1_431' title='bbox 1929 4311 1982 4396; x_wconf 90' lang='lat' dir='ltr'>qui</span> 
     </span>
     <span class='ocr_line' id='line_1_39' title="bbox 199 4413 1982 4504; baseline 0.002 -27"><span class='ocrx_word' id='word_1_432' title='bbox 199 4413 368 4479; x_wconf 87' lang='lat' dir='ltr'>uterentur.</span> <span class='ocrx_word' id='word_1_433' title='bbox 421 4416 540 4482; x_wconf 88' lang='lat' dir='ltr'>Deinde</span> <span class='ocrx_word' id='word_1_434' title='bbox 572 4420 692 4496; x_wconf 88' lang='lat' dir='ltr'>autom,</span> <span class='ocrx_word' id='word_1_435' title='bbox 727 4419 759 4483; x_wconf 89' lang='lat' dir='ltr'>id</span> <span class='ocrx_word' id='word_1_436' title='bbox 796 4419 876 4504; x_wconf 92' lang='lat' dir='ltr'>quod</span> <span class='ocrx_word' id='word_1_437' title='bbox 907 4421 1036 4485; x_wconf 80' lang='lat' dir='ltr'>maximi</span> <span class='ocrx_word' id='word_1_438' title='bbox 1071 4422 1119 4486; x_wconf 91' lang='lat' dir='ltr'>est</span> <span class='ocrx_word' id='word_1_439' title='bbox 1151 4423 1316 4502; x_wconf 88' lang='lat' dir='ltr'>momenti,</span> <span class='ocrx_word' id='word_1_440' title='bbox 1356 4421 1440 4488; x_wconf 87' lang='lat' dir='ltr'>Galli</span> <span class='ocrx_word' id='word_1_441' title='bbox 1469 4440 1525 4485; x_wconf 91' lang='lat' dir='ltr'>nee</span> <span class='ocrx_word' id='word_1_442' title='bbox 1560 4420 1677 4484; x_wconf 88' lang='lat' dir='ltr'>certam</span> <span class='ocrx_word' id='word_1_443' title='bbox 1711 4416 1865 4500; x_wconf 88' lang='lat' dir='ltr'>quandam</span> <span class='ocrx_word' id='word_1_444' title='bbox 1896 4436 1982 4480; x_wconf 84' lang='lat' dir='ltr'>exer·-</span> 
     </span>
     <span class='ocr_line' id='line_1_40' title="bbox 199 4518 1982 4609; baseline 0.002 -27"><span class='ocrx_word' id='word_1_445' title='bbox 199 4518 282 4582; x_wconf 90' lang='lat' dir='ltr'>citus</span> <span class='ocrx_word' id='word_1_446' title='bbox 309 4521 441 4585; x_wconf 89' lang='lat' dir='ltr'>Romani</span> <span class='ocrx_word' id='word_1_447' title='bbox 469 4523 588 4603; x_wconf 87' lang='lat' dir='ltr'>partem</span> <span class='ocrx_word' id='word_1_448' title='bbox 617 4523 809 4603; x_wconf 84' lang='lat' dir='ltr'>efficiebant,</span> <span class='ocrx_word' id='word_1_449' title='bbox 842 4544 899 4590; x_wconf 91' lang='lat' dir='ltr'>nec</span> <span class='ocrx_word' id='word_1_450' title='bbox 929 4526 989 4590; x_wconf 92' lang='lat' dir='ltr'>soli</span> <span class='ocrx_word' id='word_1_451' title='bbox 1018 4526 1127 4590; x_wconf 88' lang='lat' dir='ltr'>urbem</span> <span class='ocrx_word' id='word_1_452' title='bbox 1158 4526 1231 4591; x_wconf 89' lang='lat' dir='ltr'>telis</span> <span class='ocrx_word' id='word_1_453' title='bbox 1259 4525 1400 4609; x_wconf 86' lang='lat' dir='ltr'>aggressi</span> <span class='ocrx_word' id='word_1_454' title='bbox 1429 4543 1497 4590; x_wconf 88' lang='lat' dir='ltr'>esse</span> <span class='ocrx_word' id='word_1_455' title='bbox 1526 4523 1588 4588; x_wconf 91' lang='lat' dir='ltr'>dici</span> <span class='ocrx_word' id='word_1_456' title='bbox 1617 4523 1762 4607; x_wconf 91' lang='lat' dir='ltr'>possunt,</span> <span class='ocrx_word' id='word_1_457' title='bbox 1796 4541 1866 4585; x_wconf 89' lang='lat' dir='ltr'>oum</span> <span class='ocrx_word' id='word_1_458' title='bbox 1896 4523 1982 4586; x_wconf 87' lang='lat' dir='ltr'>totus</span> 
     </span>
     <span class='ocr_line' id='line_1_41' title="bbox 199 4623 1982 4714; baseline 0 -24"><span class='ocrx_word' id='word_1_459' title='bbox 199 4623 352 4690; x_wconf 81' lang='lat' dir='ltr'>exercitus</span> <span class='ocrx_word' id='word_1_460' title='bbox 373 4626 531 4690; x_wconf 85' lang='lat' dir='ltr'>Romanus</span> <span class='ocrx_word' id='word_1_461' title='bbox 556 4627 589 4691; x_wconf 94' lang='lat' dir='ltr'>in</span> <span class='ocrx_word' id='word_1_462' title='bbox 615 4629 842 4712; x_wconf 88' lang='lat' dir='ltr'>oppugnatione</span> <span class='ocrx_word' id='word_1_463' title='bbox 868 4631 1050 4694; x_wconf 90' lang='lat' dir='ltr'>versaretur.</span> <span class='ocrx_word' id='word_1_464' title='bbox 1101 4630 1292 4714; x_wconf 77' lang='lat' dir='ltr'>Quapropter</span> <span class='ocrx_word' id='word_1_465' title='bbox 1313 4631 1393 4695; x_wconf 91' lang='lat' dir='ltr'>mihi</span> <span class='ocrx_word' id='word_1_466' title='bbox 1423 4648 1483 4693; x_wconf 94' lang='lat' dir='ltr'>non</span> <span class='ocrx_word' id='word_1_467' title='bbox 1511 4627 1636 4692; x_wconf 92' lang='lat' dir='ltr'>dubium</span> <span class='ocrx_word' id='word_1_468' title='bbox 1669 4627 1731 4704; x_wconf 91' lang='lat' dir='ltr'>est,</span> <span class='ocrx_word' id='word_1_469' title='bbox 1762 4625 1836 4710; x_wconf 89' lang='lat' dir='ltr'>quin</span> <span class='ocrx_word' id='word_1_470' title='bbox 1867 4625 1982 4690; x_wconf 85' lang='lat' dir='ltr'>Calli</span> 
     </span>
     <span class='ocr_line' id='line_1_42' title="bbox 200 4729 1981 4818; baseline -0.002 -22"><span class='ocrx_word' id='word_1_471' title='bbox 200 4732 243 4796; x_wconf 88' lang='lat' dir='ltr'>sit</span> <span class='ocrx_word' id='word_1_472' title='bbox 263 4729 472 4815; x_wconf 88' lang='lat' dir='ltr'>depravatum.</span> <span class='ocrx_word' id='word_1_473' title='bbox 516 4730 576 4796; x_wconf 90' lang='lat' dir='ltr'>Sed</span> <span class='ocrx_word' id='word_1_474' title='bbox 601 4731 704 4796; x_wconf 81' lang='lat' dir='ltr'>unde?</span> <span class='ocrx_word' id='word_1_475' title='bbox 733 4735 800 4798; x_wconf 92' lang='lat' dir='ltr'>lam</span> <span class='ocrx_word' id='word_1_476' title='bbox 832 4752 923 4818; x_wconf 89' lang='lat' dir='ltr'>saepe</span> <span class='ocrx_word' id='word_1_477' title='bbox 950 4735 1010 4798; x_wconf 85' lang='lat' dir='ltr'>viri</span> <span class='ocrx_word' id='word_1_478' title='bbox 1037 4735 1136 4814; x_wconf 83' lang='lat' dir='ltr'>docti,</span> <span class='ocrx_word' id='word_1_479' title='bbox 1168 4735 1221 4818; x_wconf 86' lang='lat' dir='ltr'>qui</span> <span class='ocrx_word' id='word_1_480' title='bbox 1245 4736 1383 4800; x_wconf 87' lang='lat' dir='ltr'>veterum</span> <span class='ocrx_word' id='word_1_481' title='bbox 1411 4733 1499 4800; x_wconf 87' lang='lat' dir='ltr'>libris</span> <span class='ocrx_word' id='word_1_482' title='bbox 1530 4732 1563 4798; x_wconf 89' lang='lat' dir='ltr'>in</span> <span class='ocrx_word' id='word_1_483' title='bbox 1593 4731 1749 4818; x_wconf 87' lang='lat' dir='ltr'>integrmu</span> <span class='ocrx_word' id='word_1_484' title='bbox 1779 4731 1981 4798; x_wconf 85' lang='lat' dir='ltr'>restituendis</span> 
     </span>
    </p>
   </div>
   <div class='ocr_carea' id='block_1_3' title="bbox 350 4953 1169 5111">
    <p class='ocr_par' dir='ltr' id='par_1_5' title="bbox 350 4953 1169 5111">
     <span class='ocr_line' id='line_1_43' title="bbox 356 4953 1169 5024; baseline 0.004 -17"><span class='ocrx_word' id='word_1_485' title='bbox 356 4953 1169 5024; x_wconf 61' lang='lat' dir='ltr'>mammacumaamaama</span> 
     </span>
     <span class='ocr_line' id='line_1_44' title="bbox 350 5042 789 5111; baseline -0.002 -11"><span class='ocrx_word' id='word_1_486' title='bbox 350 5042 789 5111; x_wconf 66' lang='lat' dir='ltr'>ammaumma</span> 
     </span>
    </p>
   </div>
   <div class='ocr_carea' id='block_1_4' title="bbox 0 0 2297 5778">
    <p class='ocr_par' dir='ltr' id='par_1_6' title="bbox 0 0 2297 5778">
     <span class='ocr_line' id='line_1_45' title="bbox 0 0 2297 5778; baseline 0 0"><span class='ocrx_word' id='word_1_487' title='bbox 0 0 2297 5778; x_wconf 95' lang='lat' dir='ltr'> </span> 
     </span>
    </p>
   </div>
  </div>
 </body>
</html>
