4562 5778
284 355 325 420 22

283 539 406 604 666666
433 518 601 594 navabant,
630 517 815 594 docuerunt,
844 537 911 582 esse
940 519 1153 595 librariorum,
1180 539 1216 585 ex
1245 523 1371 586 vocibus
1399 521 1626 604 vulgatissimis
1657 522 1781 585 nomina
1803 523 1925 604 propria
1947 521 2064 606 fingere

283 627 353 709 [cfr.
375 625 515 708 Madvigi
537 625 692 688 66166666.
714 625 757 700 ll,
780 625 873 704 318],
901 642 999 706 neque
1022 624 1079 686 hac
1101 625 1133 688 in
1161 644 1193 688 re
1216 625 1336 689 librarii
1359 625 1395 687 Β.
1419 625 1457 687 H.
1481 624 1518 687 ab
1542 625 1614 688 aliis
1637 625 1853 688 discesserunt.
1897 625 1949 690 Sic
1971 627 2065 690 habet

197 731 200 737 '
280 728 352 807 13,
375 732 409 805 3,
432 729 485 794 661
513 729 625 810 reliqui
654 727 773 792 codices
804 725 880 790 haec
909 727 1058 809 praebent
1088 729 1237 793 066666
1337 727 1538 792 661666666
1568 748 1633 792 666
1663 729 1856 794 cohortes
1887 730 2065 794 secunda

280 833 431 917 vigilia
460 833 574 896 iubet
603 831 824 914 proficisci
850 851 904 914 pro
929 831 1066 914 simplici
1089 853 1156 896 sex
1180 851 1292 906 666666
1314 832 1470 916 66666666
1494 830 1581 894 sexi
1604 833 1785 916 6666666166
1808 835 1972 917 scriptum,
1995 835 2014 898 i.
2037 853 2063 898 e.

281 937 442 1014 Sextus,
463 938 495 1000 et
517 937 615 1012 42,4
643 935 719 999 Vos
746 936 835 998 iure
863 936 1045 1018 gentium
1074 936 1305 1018 civiumque
1329 938 1598 1000 Romanorum
1627 937 1852 1000 institutis
1881 938 2076 1021 coguitis·

280 1061 385 1106 more
407 1041 671 1106 barbarorum
692 1039 833 1122 populi
856 1040 1024 1103 Romani
1045 1039 1376 1122 magistratibus
1399 1041 1688 1104 sacrosanctis
1713 1059 1854 1104 manus
1877 1042 2002 1106 semel
2025 1044 2065 1106 et

282 1147 446 1230 saepius
475 1145 714 1220 attulistis,
743 1143 860 1208 habent
887 1143 905 1206 6
928 1145 959 1206 66
982 1143 1000 1206 d
1027 1145 1205 1208 romanis
1233 1144 1430 1227 6666166666
1453 1163 1602 1208 uranus.
1646 1145 1837 1228 Quapropter
1861 1165 1980 1224 censeo,
2010 1167 2064 1230 pro

281 1251 395 1316 Galli
421 1249 587 1333 legendum
608 1267 676 1312 esse
698 1248 768 1312 illi
797 1249 940 1330 spectans
961 1247 999 1310 ad
1023 1249 1196 1313 subiectum
1219 1250 1304 1314 verbi
1327 1248 1530 1324 viderent,
1559 1248 1597 1312 ad
1620 1248 1836 1325 Caesarianos;
1866 1250 1938 1314 illi
1961 1253 2064 1315 autem

279 1356 384 1440 posuit
410 1355 550 1437 scriptor,
587 1353 666 1436 quod
692 1351 754 1416 aliu
787 1352 924 1416 subiecto
954 1352 1037 1416 verbi
1068 1353 1205 1434 proxime
1238 1352 1449 1418 antecedentis
1478 1351 1517 1414 66
1545 1352 1636 1416 66666
1665 1353 1859 1416 viderent
1892 1355 2065 1420 seiunctum

281 1461 368 1541 esu).
412 1458 473 1523 Sed
496 1475 534 1520 ne
557 1476 647 1540 quem
674 1456 824 1520 sollicitet
851 1457 1001 1520 mirificus
1027 1475 1102 1519 usus
1123 1457 1294 1538 particulae
1324 1457 1385 1520 166
1414 1457 1446 1518 66
1476 1456 1577 1538 capite
1600 1457 1755 1520 enuntiati
1777 1457 1968 1539 membriqua
1991 1459 2064 1522 sub-

282 1563 441 1646 sequentis
465 1561 585 1644 6661666
608 1561 863 1626 aconsuetudine
880 1563 912 1632 66
928 1579 1013 1625 6666
1035 1561 1225 1644 elegantium
1250 1563 1434 1646 scriptorum
1456 1579 1581 1643 prorsus
1603 1561 1784 1638 abhorrens,
1807 1561 1947 1626 66616666
1969 1565 2025 1640 36,
2044 1565 2064 1626 2

281 1667 334 1731 666
357 1666 488 1730 666166
511 1666 544 1729 66
568 1664 692 1730 modum
716 1667 862 1749 usurpata
884 1666 1043 1750 reperitur,
1072 1665 1181 1743 0666
1208 1663 1357 1729 Caesar
1385 1683 1470 1728 cum
1497 1663 1866 1742 animadverteret,
1895 1665 1929 1730 si
1952 1668 2064 1750 oppi-

281 1770 369 1833 dum
393 1788 536 1852 capere
559 1769 845 1848 contenderet,
873 1789 894 1832 n
930 1771 1115 1834 homines
1137 1769 1293 1852 perditi
1321 1769 1593 1833 incenderent
1616 1768 1656 1831 et
1677 1769 1838 1833 666666
1862 1769 2063 1846 delerent,

280 1874 695 1939 66666611161666666
725 1875 849 1938 66666
870 1875 1030 1958 6666666
1053 1875 1278 1938 Lusitanos
1307 1873 1565 1956 eruptionem
1592 1872 1739 1938 facere.
1783 1873 1949 1938 Neminem
1972 1875 2063 1959 fugit,

282 1979 358 2044 illud
381 1980 442 2044 ita
469 1981 533 2043 iure
564 1999 654 2062 posse
683 1979 854 2062 comparari
883 1999 953 2042 cum
982 1980 1128 2044 vocabulo
1155 1982 1278 2044 nostrae
1307 1980 1432 2062 linguae
1461 1987 1530 2056 ,so‘
1557 1979 1649 2043 initio
1673 1981 1828 2044 enuntiati
1850 1981 2065 2064 subsequentis

280 2084 426 2148 adhibito.
477 2082 542 2147 Nec
571 2083 685 2148 mirum
713 2084 775 2160 est,
817 2083 896 2166 quod
929 2084 1060 2167 scriptor
1090 2084 1227 2166 vulgaris
1265 2087 1416 2150 sermonis
1447 2085 1629 2150 vocabulum
1660 2086 1718 2149 hoc
1750 2085 1782 2148 iu
1811 2084 1879 2150 loco
1909 2083 2063 2150 enuntiati

281 2185 400 2268 posuit,
423 2205 493 2250 cum
518 2187 689 2250 sexcenties
712 2189 743 2250 et
764 2189 886 2270 6666666
907 2187 1033 2252 modum
1053 2189 1159 2252 utatur
1181 2189 1273 2253 initio
1294 2190 1391 2254 totins
1414 2191 1578 2256 enuntiati.
1622 2189 1732 2252 Adhuc
1754 2190 1910 2254 neminem
1932 2189 2063 2273 cognovi

281 2290 463 2372 scriptorem
493 2290 640 2367 latinum,
674 2291 754 2374 apud
787 2310 895 2374 quern,
928 2292 956 2355 si
986 2292 1172 2357 brevitatem
1208 2293 1305 2358 totius
1336 2293 1475 2376 opusculi
1505 2294 1643 2376 spectas,
1676 2293 1751 2357 haec
1784 2293 1936 2376 particula
1970 2273 2063 2358 toties

281 2397 457 2461 6666666666
478 2397 515 2460 sd
538 2397 752 2482 coniungenda
774 2399 924 2462 sermonis
947 2397 1086 2462 membra
1110 2397 1270 2478 usurpata,
1294 2397 1415 2478 quoties
1437 2397 1470 2460 in
1491 2399 1547 2460 hoc
1570 2397 1657 2460 libro.
1701 2396 1823 2474 Confer,
1846 2415 1960 2480 quaeso
1984 2399 2011 2474 l,
2034 2399 2063 2460 2.

283 2503 312 2578 1,
333 2501 362 2565 5.
405 2503 435 2577 6,
457 2504 486 2566 6.
530 2503 560 2580 4,
583 2503 610 2566 6.
655 2503 736 2572 51.
780 2505 810 2580 5,
833 2505 862 2566 6.
906 2506 935 2579 6,
957 2503 986 2565 6.
1030 2503 1059 2578 6,
1082 2501 1110 2564 6.
1153 2503 1185 2577 ,6,
1208 2503 1236 2564 6.
1273 2503 1320 2576 63,
1343 2501 1372 2564 6.
1413 2500 1460 2576 66,
1483 2503 1512 2564 6.
1553 2502 1601 2576 66,
1626 2503 1655 2564 6.
1691 2502 1740 2578 66,
1765 2503 1792 2564 6.
1826 2503 1876 2578 rs,
1898 2503 1927 2566 5.
1965 2503 2013 2578 rs,
2035 2502 2063 2564 6.
2161 2529 2166 2545 ·

283 2601 331 2677 19,
354 2603 382 2664 6.
420 2603 476 2678 22,
498 2601 527 2666 5.
565 2605 616 2679 23,
638 2603 666 2666 5.
704 2603 755 2678 25,
778 2605 806 2666 6.
845 2603 895 2680 25,
916 2605 946 2666 6.
984 2604 1035 2676 27,
1058 2605 1087 2668 3.
1122 2605 1173 2680 28,
1195 2607 1224 2666 3.
1264 2606 1315 2680 30,
1338 2607 1368 2668 2.
1410 2607 1461 2680 30,
1484 2606 1514 2667 5.
1547 2605 1597 2681 31,
1621 2607 1651 2668 6.
1688 2605 1739 2680 31,
1762 2605 1790 2668 8.
1824 2607 1874 2679 33,
1898 2607 1927 2668 2.
1959 2606 2010 2680 33,
2034 2603 2062 2666 5.

281 2703 332 2779 34,
355 2703 383 2766 5.
421 2703 476 2780 35,
501 2705 528 2768 l.
564 2706 614 2781 38,
636 2707 665 2768 2.
707 2707 758 2782 39,
781 2707 810 2768 3.
845 2705 896 2782 40,
916 2707 945 2768 5.
983 2708 1034 2781 41,
1057 2707 1085 2770 5.
1120 2707 1171 2784 42,
1196 2709 1224 2771 5.
1236 2709 1262 2790 ¹)
1305 2709 1485 2772 llxtremum
1508 2708 1572 2784 est,
1602 2709 1638 2772 66
1660 2709 1692 2770 66
1714 2707 1862 2790 proximis
1885 2707 1986 2771 verbis
2009 2707 2062 2770 ds·

281 2807 402 2872 leemus
435 2827 477 2872 ex
506 2808 765 2892 praepositionem
795 2791 887 2892 atque
918 2809 1191 2893 circumplexi
1219 2812 1442 2895 coniungamus
1470 2831 1541 2876 cum
1574 2811 1709 2874 ablativo
1738 2811 1918 2874 hostium
1946 2809 2063 2873 cada-

281 2913 460 2976 veribus.
504 2911 705 2976 Desideratur
727 2913 811 2976 enim
832 2913 1031 2990 vocabulum,
1062 2934 1121 2996 quo
1150 2914 1226 2979 illud
1250 2915 1448 3000 participium
1471 2914 1645 2978 accuratius
1668 2914 1841 2992 (1611666666,
1872 2913 2062 2997 66666166

281 3017 386 3080 66666
415 3017 609 3082 66666661666
636 3019 669 3080 66
698 3035 733 3080 66
763 3015 1036 3098 circumplexi
1066 3019 1097 3081 66
1125 3039 1159 3084 66
1191 3038 1427 3104 oppugnare
1457 3019 1571 3102 pendet
1600 3019 1671 3102 [cfr.
1695 3019 1781 3082 Caes.
1804 3019 1831 3082 d.
1854 3020 1889 3084 B.
1912 3019 1948 3085 G.
1970 3021 1999 3098 7,
2022 3021 2062 3084 83

282 3119 429 3212 collem
452 3139 571 3203 66666
593 3113 905 3204 circumplecti]
918 3123 952 3204 ³).

433 3225 580 3302 XXXVI,
601 3226 621 3288 4
643 3225 984 3309 Mundensesque,
1015 3226 1152 3308 quiex
1181 3226 1341 3310 proelio
1372 3227 1411 3290 in
1439 3227 1629 3309 oppidum
1659 3226 1949 3311 confugerant,
1978 3247 2061 3292 cum

282 3329 444 3393 diutins
474 3329 880 3408 circumciderentur,
912 3330 1010 3393 bene
1038 3332 1159 3396 multi
1190 3332 1442 3396 deditionem
1471 3331 1632 3396 faciunt
1659 3334 1699 3395 66
1728 3351 1815 3396 666
1848 3333 1993 3396 666666
2023 3333 2062 3395 66

282 3434 484 3518 legionem
514 3435 756 3515 distributi,
786 3437 1015 3508 coniurant,
1037 3437 1149 3500 inter
1171 3455 1227 3512 se,
1258 3438 1300 3500 66
1324 3437 1447 3500 66666
1470 3436 1588 3518 signo
1612 3435 1720 3512 dato,
1751 3435 1887 3518 quiin
1918 3436 2062 3520 oppido

283 3539 485 3618 fuissent,
517 3541 777 3625 eruptionem
810 3541 1013 3619 facerent,
1048 3540 1119 3604 illi
1150 3540 1310 3604 caedem
1342 3539 1382 3602 iu
1415 3539 1570 3603 castris
1606 3538 1960 3603 administrarent
2003 3540 2060 3604 Vix

282 3641 463 3720 credideris,
487 3643 666 3722 Caesarem,
690 3646 798 3711 ducem
818 3647 943 3710 cautum
964 3647 1284 3732 circumspectamque
1300 3647 1420 3710 tantam
1439 3646 1638 3730 perfugarum
1655 3645 1905 3724 multitudinem,
1928 3646 1981 3729 qni
2002 3665 2061 3710 666

282 3745 344 3810 6666
366 3745 597 3814 calamitatibus
627 3750 728 3815 coacti
758 3751 795 3815 ad
825 3769 896 3815 enm
927 3753 1176 3836 transfugerant,
1206 3752 1260 3815 uni
1289 3751 1405 3832 legioni
1433 3751 1630 3824 attribuisse3
1663 3749 1766 3833 itaque
1796 3749 1847 3814 fac
1875 3749 1993 3814 scribas
2023 3751 2062 3812 66

282 3869 369 3916 666
397 3854 536 3916 666666
567 3855 607 3917 66
636 3853 765 3936 legiones
794 3854 1027 3919 distributi.
1079 3855 1141 3920 016.
1163 3857 1199 3920 Β.
1223 3853 1255 3920 6.
1275 3855 1378 3932 111,4
1407 3855 1632 3918 Praeterea
1656 3853 1853 3938 [Pompeius]
1876 3871 2062 3936 magnum

282 3974 488 4019 numerum
511 3975 554 4019 er
577 3957 813 4037 Thessalia,
847 3960 1037 4038 Boeotia,
1071 3959 1243 4036 Achaia,
1279 3959 1482 4042 Epiroque
1515 3957 1794 4042 supplementi
1826 3957 1989 4021 nomine
2021 3955 2060 4020 in

282 4057 412 4141 legiones
434 4059 726 4126 distribuerat.

436 4165 639 4242 XXXVII,2
680 4165 843 4244 Didius,
876 4165 942 4248 qui
973 4165 1102 4230 classi
1134 4163 1407 4246 praefuisset,
1440 4163 1703 4246 simuladque
1735 4162 1860 4228 Gadis
1891 4163 2060 4228 nuntius

283 4267 438 4332 allatus
471 4269 549 4346 666,
581 4269 807 4334 confestim
839 4269 956 4353 sequi
983 4267 1140 4352 coepit;
1173 4268 1323 4350 partim
1351 4269 1524 4355 pedibus
1553 4267 1785 4350 [peditatus
1818 4285 1897 4330 unus
1920 4266 2059 4330 deterior.

289 4411 457 4418 ——---.
461 4413 592 4420 -——.-..-..

437 4479 463 4546 l)
483 4479 627 4548 Postquam
645 4495 678 4534 ex
699 4479 750 4533 ita
769 4477 824 4533 illi
841 4477 941 4533 facturn
959 4483 1000 4533 est
1021 4477 1073 4532 ita
1091 4477 1171 4542 alli,
1190 4477 1274 4531 facilia
1295 4481 1353 4530 erat
1371 4476 1529 4545 permutatio
1554 4477 1581 4530 in
1603 4475 1769 4529 16606116.

434 4567 461 4632 2)
481 4567 599 4634 Quacum
616 4567 707 4622 confer
726 4565 883 4636 particulam
908 4565 1046 4620 interim
1075 4566 1102 4620 in
1126 4566 1157 4619 B.
1174 4565 1206 4619 A.
1225 4563 1334 4619 similem
1358 4565 1386 4618 in
1413 4562 1518 4618 modum
1544 4569 1711 4632 usurpatam,
1737 4561 1797 4617 vide
1820 4563 1897 4631 Nipp.
1917 4561 1961 4616 Pr.
1982 4559 2016 4615 24
2034 4567 2060 4616 66

282 4653 476 4710 Frcehlichium
492 4655 509 4708 l.
528 4669 548 4708 s.
566 4654 609 4708 40.

434 4744 461 4810 3)
482 4741 534 4795 Cfr.
555 4741 626 4796 Flor.
645 4743 699 4808 Ill,
717 4745 734 4796 2
764 4741 822 4796 Hoc
839 4757 856 4796 a
874 4740 973 4810 6666166
991 4741 1096 4810 profugi
1114 4757 1174 4794 curn
1198 4755 1227 4795 66
1245 4739 1371 4796 Mundam
1389 4741 1551 4811 recepissent
1574 4745 1601 4796 66
1620 4741 1719 4796 Caesar
1737 4737 1851 4794 obsideri
1869 4739 1958 4794 statim
1978 4739 2059 4792 victos

282 4833 449 4900 imperasset,¹
466 4830 599 4898 congestis
616 4830 790 4886 cadaverihus
810 4845 892 4898 agger
910 4829 1020 4884 effectus
1038 4835 1092 4895 est,
1112 4842 1181 4896 quae
1198 4828 1259 4897 pilis
1277 4828 1422 4898 iaculisque
1439 4828 1544 4884 6666666
1561 4829 1630 4884 inter
1648 4844 1677 4882 se
1695 4827 1856 4883 tenebantur
1874 4858 1906 4866 -
1927 4827 1968 4882 De
1985 4841 2058 4895 prae·

282 4917 456 4988 positionibus
475 4934 491 4973 6
508 4919 622 4973 librariis
643 4917 670 4972 in
685 4919 716 4972 B.
737 4919 771 4971 H.
790 4917 900 4973 adiectis
918 4917 1016 4983 confer,
1038 4932 1106 4985 quiae
1124 4915 1178 4970 elixi
1197 4915 1231 4970 ad
1248 4917 1273 4984 7,
1295 4917 1312 4972 6
1331 4948 1362 4958 -
1381 4925 1462 4974 sunt
1480 4917 1590 4974 similem
1608 4918 1634 4971 in
1654 4915 1759 4970 modum
1774 4914 1909 4971 librarium
1927 4914 1961 4969 ad
1979 4913 2058 4986 parti·

282 5008 377 5080 cipium
396 5023 430 5063 ex
448 5008 615 5064 substamivo
635 5012 787 5077 6666666666
805 5007 953 5064 sententiae
972 5006 1119 5078 explendae
1137 5021 1231 5064 666666
1248 5005 1316 5064 falso
1334 5006 1467 5063 addidisse
1484 5005 1561 5062 docui
1578 5004 1612 5062 ad
1636 5004 1675 5070 ll,
1694 5003 1718 5064 4.
