4630 5740
311 389 352 452 14

310 557 394 618 tere
417 551 640 634 coeperunt
662 550 790 613 sicuti
809 549 910 631 apud
933 549 1140 622 barbaros,
1166 553 1265 632 quod
1286 555 1380 636 post
1398 554 1603 617 hominum
1625 549 1855 616 memoriam
1877 567 2089 632 numquam

310 661 374 723 est
396 658 557 722 factum.
595 655 697 718 Verba
719 653 848 718 sicuti
871 651 970 734 apud
995 651 1189 718 barbaros
1212 657 1350 721 Kochius
1370 657 1537 739 666479
1554 658 1697 738 corrupta
1718 673 1786 718 esse
1808 655 1930 728 censet3
1952 653 2089 735 proximo
2113 663 2118 674 ·

310 763 393 827 enim
416 761 577 826 enuntiato
599 758 667 822 fieri
688 758 899 840 perspicuum,
931 776 970 821 ne
999 757 1079 839 apud
1101 757 1246 824 barbaros
1269 760 1392 842 quidem
1415 760 1478 824 tale
1507 761 1579 844 quid
1601 779 1635 823 er
1665 759 1820 824 sententia
1842 756 2001 839 scriptoris
2022 773 2089 818 esse

310 866 490 932 admissum.
545 865 651 946 ltaque
685 862 878 927 scribendum
918 862 1045 925 sicuti
1079 882 1114 921 ae
1147 863 1248 945 apud
1283 864 1480 928 barbaros
1510 863 1630 946 quiden
1659 863 1751 945 6666
1777 860 1980 926 hominurn
2009 876 2089 921 me-

309 971 479 1036 moriam
507 989 642 1051 cruqucm
670 966 685 1030 f
690 967 825 1030 aetum
856 967 926 1029 est.
980 965 1128 1047 Equidem
1152 985 1212 1030 non
1236 967 1281 1030 ita
1303 968 1413 1034 iudico.
1464 967 1746 1050 Brsviloquentia¹)
1778 966 1811 1029 in
1839 966 1896 1028 1666
1923 963 2001 1028 libro
2029 981 2090 1026 non

310 1076 391 1140 mira
413 1093 487 1138 usus
512 1071 677 1136 166666611
706 1070 807 1134 dicere
835 1071 976 1152 scriptor,
1005 1069 1083 1151 apud
1112 1071 1257 1136 barbaras
1279 1072 1403 1155 quidem
1425 1071 1535 1154 gentes
1564 1071 1642 1135 talia
1664 1069 1801 1134 facinora
1824 1087 1892 1133 esse
1914 1067 2090 1144 commissa,

312 1179 364 1243 sed
387 1179 419 1242 in
447 1175 577 1259 imperio
601 1177 755 1250 Romano,
786 1175 868 1236 inter
898 1173 981 1236 ciros
1004 1175 1169 1250 ltomanos,
1203 1175 1235 1238 in
1257 1176 1439 1258 provinciis,
1462 1193 1539 1258 quae
1562 1193 1581 1238 a
1602 1175 1687 1238 cultu
1710 1175 1742 1237 et
1763 1173 1958 1237 humanitate
1980 1171 2090 1234 ltaliae

310 1303 371 1348 non
393 1283 484 1364 longe
506 1281 626 1356 absint,
655 1279 717 1343 tale
750 1279 822 1362 quid
850 1297 918 1341 6666
949 1276 1132 1342 inauditum.
1187 1279 1283 1361 Fugit
1305 1279 1388 1342 enim
1411 1279 1580 1355 Koehium,
1603 1280 1659 1354 42,
1681 1279 1716 1353 4,
1744 1277 1796 1340 ubi
1819 1275 1931 1340 Caesar
1953 1275 2090 1340 Gadibus

311 1387 453 1452 contione
480 1385 596 1450 civium
625 1386 792 1448 convocata
820 1383 956 1466 graviter
986 1385 1018 1446 et
1046 1383 1153 1446 acerbe
1182 1383 1338 1465 Hispanos
1368 1383 1493 1446 accusat
1522 1383 1646 1465 propter
1675 1381 1805 1445 iniurias
1824 1381 1897 1444 ¹sibi
1918 1379 2090 1463 populoque

311 1493 449 1556 Romano
479 1489 600 1564 illatas,
635 1489 711 1552 haec
740 1487 819 1570 legi:
857 1488 933 1551 Vos
964 1487 1051 1550 iure
1083 1488 1270 1569 gentium
1303 1487 1537 1569 civiumque
1569 1487 1836 1550 Romanorum
1866 1483 2090 1549 institutis

310 1593 496 1675 cognitis
530 1611 610 1652 more
644 1587 844 1651 barbarorum
882 1589 1020 1673 populi
1061 1590 1230 1654 Romani
1268 1591 1591 1672 magistratibus
1628 1589 1912 1654 sacrosanctis
1950 1605 2090 1652 manus

311 1696 437 1760 semel
468 1697 507 1758 66
536 1695 701 1777 6666166
735 1695 964 1759 6666116616.
1009 1693 1154 1758 Tenenda
1177 1695 1274 1777 igitur
1299 1696 1372 1758 sunt
1399 1694 1531 1757 sicuti
1554 1693 1655 1776 apud
1683 1693 1887 1757 barbaros.

463 1799 560 1874 XVII,
583 1800 602 1860 2
625 1799 671 1862 ita
690 1799 722 1862 in
743 1799 811 1862 libr.
834 1801 907 1862 sunt
929 1799 1069 1861 exarata:
1093 1801 1132 1861 st
1153 1800 1322 1882 propter
1343 1799 1504 1881 patriae
1526 1798 1758 1862 luctuosam
1780 1797 2004 1880 pernicicm
2024 1793 2089 1857 de-

311 1902 444 1966 dimur
465 1903 647 1967 hostium
669 1923 845 1980 numero,
875 1903 944 1986 qui
975 1921 1102 1986 neque
1125 1903 1164 1966 in
1187 1903 1309 1966 illius
1332 1921 1530 1986 prospera
1557 1902 1645 1965 acie
1672 1901 1839 1984 primam
1867 1900 2089 1976 fortunam,

311 2024 437 2088 nequa
458 2006 498 2068 in
521 2006 685 2070 adversa
708 2007 917 2071 secundam
940 2007 1187 2071 obtinuimus
1208 2008 1419 2071 victoriam
1438 2005 1616 2070 abundante
1636 2005 1836 2070 ridiculoillo
1859 2003 2088 2078 victoriam,

312 2109 391 2192 quod
414 2109 542 2174 seclusit
564 2109 776 2193 Nipperdeius.
821 2111 900 2176 Sunt
922 2113 1027 2176 autem
1049 2113 1142 2176 verba
1162 2111 1335 2193 legatorum
1357 2133 1376 2176 a
1397 2112 1516 2176 ciuibus
1539 2111 1643 2193 oppidi
1668 2111 1809 2194 Ateguae
1832 2108 1972 2173 Caesaris
1992 2107 2090 2190 copiis

312 2213 453 2277 obsessae
475 2213 658 2296 deprecandi
678 2233 787 2282 caussa
807 2218 989 2293 missorum,
1023 2215 1075 2300 qui
1098 2216 1244 2279 miseram
1267 2214 1476 2278 conditionem
1507 2233 1595 2278 suam
1624 2214 1831 2278 lamentantes
1853 2213 1919 2277 eius
1941 2213 2089 2276 auxilium

312 2318 419 2381 contra
440 2318 698 2400 Pompeianorum
723 2320 852 2384 iniurias
875 2319 1051 2403 implorant.
1095 2318 1306 2395 Correctione,
1324 2337 1433 2401 ·quam
1455 2318 1594 2382 Kochius
1619 2317 1792 2382 faciendam
1815 2318 1927 2382 statuit
1954 2317 2090 2381 scribens

311 2417 450 2482 ‹lcarccr
477 2421 660 2484 hostium
691 2441 869 2500 numero,
903 2441 963 2488 non
993 2443 1068 2507 opus
1099 2443 1166 2486 esse
1194 2421 1331 2494 videtum
1365 2421 1440 2484 licet
1466 2439 1485 2483 a
1507 2421 1663 2484 communi
1686 2421 1806 2485 dicendi
1828 2441 1886 2486 usu
1907 2422 2091 2486 abhorreant

297 2523 405 2598 ¹verba
427 2523 611 2587 dedimur
632 2525 814 2588 hostium
836 2545 1016 2604 numero,
1039 2529 1226 2589 tamennon
1249 2527 1451 2608 aspernantur
1475 2523 1601 2588 facilem
1622 2524 1919 2607 interpretationem.
1946 2525 2090 2589 Proxima

313 2628 419 2691 autem
442 2627 534 2690 verba
556 2645 624 2692 6666
645 2629 892 2712 corruptissima,
920 2631 1025 2708 miror,
1057 2630 1136 2712 quod
1162 2648 1253 2694 nemo
1275 2628 1374 2692 adhuc
1396 2627 1483 2692 vidit.
1528 2627 1597 2692 Non
1619 2628 1692 2711 quin
1716 2629 1827 2705 sciam,
1850 2647 1942 2712 quam
1965 2629 2089 2692 senten·

312 2731 390 2796 tiam
412 2731 463 2795 his
485 2731 671 2795 6666166666
690 2731 789 2796 velint
809 2733 1001 2816 interpretes.
1046 2734 1080 2798 Si
1103 2733 1259 2798 sententia
1281 2733 1342 2808 est,
1371 2733 1447 2794 baec
1469 2729 1533 2795 fere
1556 2733 1612 2795 est.
1652 2733 1828 2810 Queruntur
1849 2735 1881 2796 et
1900 2734 2089 2798 miserantur

315 2835 510 2916 Ateguenses
533 2835 656 2898 tristem
680 2837 794 2899 sortem
822 2855 925 2914 suam,
949 2839 1028 2919 quod
1051 2855 1083 2902 se
1106 2837 1143 2900 ad
1158 2837 1287 2920 Pompei
1311 2855 1452 2901 caussam
1474 2836 1697 2920 applicaverint
1713 2856 1810 2921 neque
1831 2837 1934 2920 potius
1950 2837 2090 2902 Caesaris

315 2939 472 3004 fortunam
494 2939 527 3002 et
549 2938 710 3002 victoriam
735 2939 847 3016 secuti,
870 2958 960 3022 quarn
985 2940 1071 3005 illius
1094 2942 1284 3006 calamitatis
1306 2941 1571 3025 periculorumque
1590 2944 1747 3005 consortes
1768 2941 1844 3006 facti
1861 2943 1932 3006 sint
1976 2943 2017 3006 ut
2032 2943 2090 3008 hoc

313 3061 348 3105 66
371 3042 511 3124 gravius,
540 3042 620 3124 quod
651 3061 748 3125 neque
770 3042 1000 3109 florentissimis
1023 3045 1090 3109 eius
1123 3047 1213 3110 rebus
1237 3046 1392 3128 superbia,
1424 3046 1560 3122 iniuriis,
1591 3045 1717 3108 tributis
1746 3045 2005 3127 Pompeianorum
2035 3065 2089 3128 66-

312 3150 442 3234 6666611)
463 3167 626 3232 666666666
647 3149 713 3212 6166
737 3147 878 3212 fortunae
899 3151 1034 3231 utiquam
1057 3151 1225 3232 participes
1247 3149 1380 3226 fuerint,
1411 3151 1442 3212 et
1464 3149 1589 3214 fortuna
1611 3147 1761 3212 inclinata
1791 3151 1955 3231 postquam
1978 3149 2090 3212 Caesar

312 3256 346 3319 in
373 3253 542 3337 Hispanias
572 3252 705 3329 venerit,
736 3251 796 3335 ipsi
826 3254 960 3317 maxime
991 3273 1063 3336 prae
1092 3254 1203 3316 ceteris
1235 3253 1468 3317 calamitatibus
1497 3251 1622 3316 illorum
1650 3252 1755 3316 affecti
1784 3252 1862 3328 sint,
1890 3271 1966 3334 quas
1989 3251 2090 3334 magis

314 3357 482 3434 senserint,
504 3375 596 3440 quam
618 3355 679 3438 ipsi
702 3355 893 3437 Pompeiani.
936 3357 1022 3420 Haec
1046 3356 1137 3420 debet
1157 3375 1224 3422 esse
1248 3357 1404 3422 sententia
1431 3357 1601 3421 verborum.
1655 3355 1714 3420 Sed
1738 3374 1830 3438 quam
1853 3357 1930 3420 mire
1952 3356 2089 3420 661666-

312 3463 412 3527 lenter
433 3461 550 3526 dietum
572 3461 621 3524 666
643 3460 774 3543 prima
792 3459 961 3524 fortuna
981 3480 1035 3543 pro
1058 3479 1267 3544 prospera,
1290 3463 1466 3526 secunda
1488 3461 1621 3527 fortuna.
1653 3462 1752 3539 Quam
1773 3461 1851 3525 mire
1868 3463 1901 3524 66
1921 3461 2090 3525 insolenter

313 3568 484 3651 primam
513 3565 723 3630 fortunam
751 3563 1014 3626 obtinuimus.
1057 3565 1164 3647 ltaque
1195 3565 1312 3630 duobus
1342 3567 1443 3630 verbis
1469 3566 1667 3649 transpositis
1695 3566 1860 3648 paucisque
1882 3564 1998 3629 litteris
2020 3583 2089 3626 nru-

313 3671 389 3734 tatis
418 3667 498 3732 baud
529 3665 635 3750 procul
664 3665 752 3730 abest
774 3665 923 3748 66661616,
955 3683 1022 3730 6666
1045 3667 1237 3732 scribendum
1268 3670 1335 3751 qui
1366 3688 1491 3753 neque
1525 3671 1565 3732 in
1595 3669 1716 3733 111166
1743 3685 1939 3750 66666666
1960 3667 2089 3749 joiacim

314 3771 409 3834 ccicrc
437 3771 623 3854 primam,
660 3787 785 3852 neque
814 3770 853 3833 in
884 3770 1052 3834 adversa
1082 3773 1296 3835 secundam
1328 3774 1598 3849 obtinuimus,
1638 3775 1673 3836 ut
1701 3791 1895 3857 prospera
1922 3773 2090 3836 fortuna

314 3873 497 3958 respondeat
519 3873 727 3950 adversae,
754 3874 883 3956 prima
912 3874 1023 3938 acies
1046 3877 1229 3957 respondeat
1259 3877 1468 3942 secundae.
1516 3879 1581 3942 lam
1605 3879 1701 3962 legati
1724 3877 1810 3943 salva
1830 3878 2036 3961 grammatica
2059 3879 2090 3940 et

315 3979 470 4044 sententia
498 3979 575 4040 16666
607 3975 765 4040 dixerunt:
804 3977 878 4054 ‚Nos
901 3978 1030 4059 Pompei
1052 3997 1193 4044 caussam
1222 3983 1384 4064 sequentes
1407 4001 1527 4065 semper
1550 3982 1692 4047 infelices
1719 3983 1845 4063 fuimus.
1888 3981 1969 4045 Nam
1992 3999 2090 4064 neque

314 4105 385 4151 cum
407 4079 461 4146 6116
484 4099 605 4164 semper
627 4081 725 4144 vietor
747 4099 763 4143 e
785 4080 910 4163 proeliis
933 4101 1002 4144 cum
1026 4081 1139 4164 legatis
1162 4086 1224 4148 tuis
1247 4087 1423 4150 commissis
1446 4087 1621 4166 decederet,
1652 4107 1707 4153 nos
1730 4087 1839 4170 dignos
1861 4103 1929 4150 6666
1946 4079 2089 4168 putabat,
2131 4149 2136 4160 ,

315 4186 422 4270 quiin
449 4185 550 4270 prima
572 4184 651 4260 acie,
681 4183 762 4248 inter
788 4184 939 4267 primores
960 4188 1133 4268 pugnantes
1158 4189 1280 4270 praeter
1308 4191 1426 4255 ceteros
1455 4191 1603 4255 victoriae
1635 4191 1748 4255 bonore
1779 4189 1958 4266 frueremur,
1992 4207 2089 4272 neque

314 4309 385 4356 oum
412 4308 461 4354 res
483 4289 549 4354 eius
575 4287 725 4353 deteriore
748 4289 832 4353 statu
854 4307 921 4352 esse
951 4289 1142 4372 coepissent,
1170 4292 1202 4354 et
1225 4293 1360 4377 ancipite
1383 4295 1579 4378 infaustoque
1601 4295 1701 4358 Marte
1724 4292 1890 4376 pugnaret,
1923 4291 1955 4355 iu
1976 4291 2089 4357 tutiore

316 4393 449 4460 secunda
463 4395 529 4458 acie
545 4411 681 4476 pugnare
704 4393 768 4470 siti,
789 4392 841 4457 sed
865 4411 984 4477 semper
1006 4395 1106 4476 prima
1126 4394 1273 4460 dimicare
1296 4401 1396 4464 coacti
1419 4419 1525 4463 sumus
1546 4399 1674 4480 ideoque
1694 4395 1768 4461 belli
1786 4395 1933 4480 perieulis
1952 4397 2090 4461 omnium

315 4499 448 4564 maxime
469 4499 600 4582 expositi
622 4499 794 4582 obiectique
815 4499 941 4564 fuimus.
985 4499 1054 4564 Huc
1077 4502 1232 4582 spectant,
1263 4523 1340 4586 quae
1363 4505 1566 4568 subsecuntur
1589 4503 1656 4584 qui
1687 4501 1895 4584 legionum
1923 4501 1986 4564 tot
2016 4499 2089 4562 im-

314 4605 434 4686 petus
457 4603 762 4680 sustentantes,
785 4602 1002 4666 nocturnis
1025 4601 1270 4687 diurnisque
1300 4608 1556 4690 temporibus
1577 4606 1696 4690 [Nippl
1719 4605 1949 4692 gladiorum
1979 4603 2089 4672 ictus

314 4709 574 4790 telorumque
596 4707 748 4772 missus
771 4706 1065 4790 exspectantes
1088 4707 1145 4773 cto.

468 4948 494 5014 1)
513 4945 559 5000 616.
578 4963 647 5016 quae
664 4946 719 5002 dixi
735 4947 769 5003 ad
789 4949 813 5016 7,
832 4955 855 5004 2.

466 5037 494 5103 2)
512 5033 559 5090 cfr.
577 5049 646 5108 quae
661 5051 719 5113 cap.
741 5041 749 5090 1
773 5043 926 5096 narrantur.
