<?xml version="1.0" encoding="UTF-8"?>
<!DOCTYPE html PUBLIC "-//W3C//DTD XHTML 1.0 Transitional//EN"
    "http://www.w3.org/TR/xhtml1/DTD/xhtml1-transitional.dtd">
<html xmlns="http://www.w3.org/1999/xhtml" xml:lang="en" lang="en">
 <head>
  <title>
</title>
<meta http-equiv="Content-Type" content="text/html;charset=utf-8" />
  <meta name='ocr-system' content='tesseract 3.04.00' />
  <meta name='ocr-capabilities' content='ocr_page ocr_carea ocr_par ocr_line ocrx_word'/>
</head>
<body>
  <div class='ocr_page' id='page_1' title='image "./observationescr00fleigoog_0031.png"; bbox 0 0 4630 5740; ppageno 0'>
   <div class='ocr_carea' id='block_1_1' title="bbox 0 4086 4 5337">
    <p class='ocr_par' dir='ltr' id='par_1_1' title="bbox 0 4086 4 5337">
     <span class='ocr_line' id='line_1_1' title="bbox 0 4086 4 5337; baseline 0 0"><span class='ocrx_word' id='word_1_1' title='bbox 0 4086 4 5337; x_wconf 95' lang='lat' dir='ltr'> </span> 
     </span>
    </p>
   </div>
   <div class='ocr_carea' id='block_1_2' title="bbox 284 324 2098 5055">
    <p class='ocr_par' dir='ltr' id='par_1_2' title="bbox 284 324 2098 5055">
     <span class='ocr_line' id='line_1_2' title="bbox 285 324 327 392; baseline 0 0"><span class='ocrx_word' id='word_1_2' title='bbox 285 324 327 392; x_wconf 78' lang='lat'>24</span> 
     </span>
     <span class='ocr_line' id='line_1_3' title="bbox 284 481 2070 580; baseline 0.001 -20"><span class='ocrx_word' id='word_1_3' title='bbox 284 497 341 560; x_wconf 90' lang='lat' dir='ltr'>hus</span> <span class='ocrx_word' id='word_1_4' title='bbox 362 493 596 560; x_wconf 89' lang='lat' dir='ltr'>circumvallare</span> <span class='ocrx_word' id='word_1_5' title='bbox 618 484 772 578; x_wconf 87' lang='lat' dir='ltr'>coepisse,</span> <span class='ocrx_word' id='word_1_6' title='bbox 795 513 833 558; x_wconf 91' lang='lat' dir='ltr'>ne</span> <span class='ocrx_word' id='word_1_7' title='bbox 857 489 990 577; x_wconf 85' lang='lat' dir='ltr'>effugere</span> <span class='ocrx_word' id='word_1_8' title='bbox 1011 497 1125 578; x_wconf 88' lang='lat' dir='ltr'>posset.</span> <span class='ocrx_word' id='word_1_9' title='bbox 1178 496 1287 578; x_wconf 89' lang='lat' dir='ltr'>Itaque</span> <span class='ocrx_word' id='word_1_10' title='bbox 1308 485 1493 578; x_wconf 86' lang='lat' dir='ltr'>Pompeium</span> <span class='ocrx_word' id='word_1_11' title='bbox 1520 487 1698 577; x_wconf 80' lang='lat' dir='ltr'>priusquam</span> <span class='ocrx_word' id='word_1_12' title='bbox 1729 481 1975 572; x_wconf 83' lang='lat' dir='ltr'>circumvallatio</span> <span class='ocrx_word' id='word_1_13' title='bbox 1999 513 2070 580; x_wconf 64' lang='lat' dir='ltr'>per*</span> 
     </span>
     <span class='ocr_line' id='line_1_4' title="bbox 284 595 2098 682; baseline -0.001 -18"><span class='ocrx_word' id='word_1_14' title='bbox 284 599 441 678; x_wconf 88' lang='lat' dir='ltr'>ficeretur,</span> <span class='ocrx_word' id='word_1_15' title='bbox 472 597 548 682; x_wconf 87' lang='lat' dir='ltr'>fuga</span> <span class='ocrx_word' id='word_1_16' title='bbox 570 598 702 664; x_wconf 88' lang='lat' dir='ltr'>salutem</span> <span class='ocrx_word' id='word_1_17' title='bbox 733 599 938 680; x_wconf 73' lang='lat' dir='ltr'>quaesivisse,</span> <span class='ocrx_word' id='word_1_18' title='bbox 967 598 1125 663; x_wconf 88' lang='lat' dir='ltr'>tardatum</span> <span class='ocrx_word' id='word_1_19' title='bbox 1154 600 1260 663; x_wconf 89' lang='lat' dir='ltr'>autem</span> <span class='ocrx_word' id='word_1_20' title='bbox 1288 616 1355 662; x_wconf 92' lang='lat' dir='ltr'>esse</span> <span class='ocrx_word' id='word_1_21' title='bbox 1386 597 1425 660; x_wconf 91' lang='lat' dir='ltr'>ad</span> <span class='ocrx_word' id='word_1_22' title='bbox 1453 597 1635 680; x_wconf 83' lang='lat' dir='ltr'>fugiendum</span> <span class='ocrx_word' id='word_1_23' title='bbox 1666 595 1724 659; x_wconf 89' lang='lat' dir='ltr'>tali</span> <span class='ocrx_word' id='word_1_24' title='bbox 1751 596 1877 660; x_wconf 89' lang='lat' dir='ltr'>vulnere</span> <span class='ocrx_word' id='word_1_25' title='bbox 1908 599 1940 662; x_wconf 88' lang='lat' dir='ltr'>et</span> <span class='ocrx_word' id='word_1_26' title='bbox 1969 617 2098 682; x_wconf 91' lang='lat' dir='ltr'>neque·</span> 
     </span>
     <span class='ocr_line' id='line_1_5' title="bbox 285 700 2070 787; baseline -0.002 -20"><span class='ocrx_word' id='word_1_27' title='bbox 285 723 395 787; x_wconf 92' lang='lat' dir='ltr'>equum</span> <span class='ocrx_word' id='word_1_28' title='bbox 428 720 526 786; x_wconf 90' lang='lat' dir='ltr'>neque</span> <span class='ocrx_word' id='word_1_29' title='bbox 558 702 736 766; x_wconf 85' lang='lat' dir='ltr'>vehiculum</span> <span class='ocrx_word' id='word_1_30' title='bbox 765 704 889 786; x_wconf 86' lang='lat' dir='ltr'>propter</span> <span class='ocrx_word' id='word_1_31' title='bbox 920 703 1058 785; x_wconf 83' lang='lat' dir='ltr'>regionis</span> <span class='ocrx_word' id='word_1_32' title='bbox 1088 703 1286 785; x_wconf 90' lang='lat' dir='ltr'>iniquitatem</span> <span class='ocrx_word' id='word_1_33' title='bbox 1315 719 1412 780; x_wconf 86' lang='lat' dir='ltr'>exre</span> <span class='ocrx_word' id='word_1_34' title='bbox 1433 700 1539 764; x_wconf 88' lang='lat' dir='ltr'>fuisse.</span> <span class='ocrx_word' id='word_1_35' title='bbox 1583 700 1654 765; x_wconf 89' lang='lat' dir='ltr'>Ideo</span> <span class='ocrx_word' id='word_1_36' title='bbox 1683 701 1769 764; x_wconf 91' lang='lat' dir='ltr'>brevi</span> <span class='ocrx_word' id='word_1_37' title='bbox 1797 701 1935 783; x_wconf 89' lang='lat' dir='ltr'>tempore</span> <span class='ocrx_word' id='word_1_38' title='bbox 1965 702 2070 766; x_wconf 89' lang='lat' dir='ltr'>hostes</span> 
     </span>
     <span class='ocr_line' id='line_1_6' title="bbox 285 793 2071 890; baseline -0.002 -20"><span class='ocrx_word' id='word_1_39' title='bbox 285 808 457 872; x_wconf 90' lang='lat' dir='ltr'>extremum</span> <span class='ocrx_word' id='word_1_40' title='bbox 480 806 547 870; x_wconf 92' lang='lat' dir='ltr'>eius</span> <span class='ocrx_word' id='word_1_41' title='bbox 569 823 681 889; x_wconf 80' lang='lat' dir='ltr'>agmen</span> <span class='ocrx_word' id='word_1_42' title='bbox 704 807 885 870; x_wconf 88' lang='lat' dir='ltr'>consecutos</span> <span class='ocrx_word' id='word_1_43' title='bbox 908 825 1053 890; x_wconf 90' lang='lat' dir='ltr'>magnam</span> <span class='ocrx_word' id='word_1_44' title='bbox 1074 793 1202 870; x_wconf 80' lang='lat' dir='ltr'>caedem</span> <span class='ocrx_word' id='word_1_45' title='bbox 1225 805 1347 870; x_wconf 88' lang='lat' dir='ltr'>fecisse.</span> <span class='ocrx_word' id='word_1_46' title='bbox 1380 806 1463 869; x_wconf 89' lang='lat' dir='ltr'>Hinc</span> <span class='ocrx_word' id='word_1_47' title='bbox 1485 807 1626 887; x_wconf 89' lang='lat' dir='ltr'>apparet,</span> <span class='ocrx_word' id='word_1_48' title='bbox 1643 805 1791 868; x_wconf 92' lang='lat' dir='ltr'>mendosa</span> <span class='ocrx_word' id='word_1_49' title='bbox 1813 822 1880 868; x_wconf 92' lang='lat' dir='ltr'>esse</span> <span class='ocrx_word' id='word_1_50' title='bbox 1901 803 2071 868; x_wconf 91' lang='lat' dir='ltr'>exclusa</span> 
     </span>
     <span class='ocr_line' id='line_1_7' title="bbox 285 908 2068 994; baseline -0.003 -18"><span class='ocrx_word' id='word_1_51' title='bbox 285 912 526 976; x_wconf 87' lang='lat' dir='ltr'>munitione.</span> <span class='ocrx_word' id='word_1_52' title='bbox 560 908 764 992; x_wconf 84' lang='lat' dir='ltr'>Nipperdeius</span> <span class='ocrx_word' id='word_1_53' title='bbox 781 910 886 972; x_wconf 91' lang='lat' dir='ltr'>autem</span> <span class='ocrx_word' id='word_1_54' title='bbox 906 910 1101 976; x_wconf 89' lang='lat' dir='ltr'>scribendum</span> <span class='ocrx_word' id='word_1_55' title='bbox 1115 911 1280 994; x_wconf 87' lang='lat' dir='ltr'>proposuit</span> <span class='ocrx_word' id='word_1_56' title='bbox 1296 909 1434 972; x_wconf 79' lang='lat' dir='ltr'>concluso</span> <span class='ocrx_word' id='word_1_57' title='bbox 1456 909 1688 974; x_wconf 90' lang='lat' dir='ltr'>munitione</span> <span class='ocrx_word' id='word_1_58' title='bbox 1710 909 1900 974; x_wconf 69' lang='lat' dir='ltr'>assentiente</span> <span class='ocrx_word' id='word_1_59' title='bbox 1920 909 2068 973; x_wconf 88' lang='lat' dir='ltr'>Kranero.</span> 
     </span>
     <span class='ocr_line' id='line_1_8' title="bbox 284 1012 2070 1097; baseline -0.002 -17"><span class='ocrx_word' id='word_1_60' title='bbox 284 1014 454 1080; x_wconf 83' lang='lat' dir='ltr'>Manifesta</span> <span class='ocrx_word' id='word_1_61' title='bbox 476 1031 625 1097; x_wconf 88' lang='lat' dir='ltr'>perverse.</span> <span class='ocrx_word' id='word_1_62' title='bbox 668 1013 860 1096; x_wconf 77' lang='lat' dir='ltr'>intelligitur</span> <span class='ocrx_word' id='word_1_63' title='bbox 883 1014 966 1077; x_wconf 89' lang='lat' dir='ltr'>enim</span> <span class='ocrx_word' id='word_1_64' title='bbox 993 1031 1029 1077; x_wconf 88' lang='lat' dir='ltr'>ex</span> <span class='ocrx_word' id='word_1_65' title='bbox 1051 1015 1192 1080; x_wconf 86' lang='lat' dir='ltr'>versibus</span> <span class='ocrx_word' id='word_1_66' title='bbox 1216 1013 1486 1090; x_wconf 80' lang='lat' dir='ltr'>antecedentibus,</span> <span class='ocrx_word' id='word_1_67' title='bbox 1518 1012 1724 1078; x_wconf 86' lang='lat' dir='ltr'>munitionem</span> <span class='ocrx_word' id='word_1_68' title='bbox 1748 1013 1884 1078; x_wconf 90' lang='lat' dir='ltr'>nondum</span> <span class='ocrx_word' id='word_1_69' title='bbox 1907 1031 1974 1077; x_wconf 91' lang='lat' dir='ltr'>esse</span> <span class='ocrx_word' id='word_1_70' title='bbox 1996 1031 2070 1078; x_wconf 91' lang='lat' dir='ltr'>con·</span> 
     </span>
     <span class='ocr_line' id='line_1_9' title="bbox 286 1116 2070 1202; baseline 0 -20"><span class='ocrx_word' id='word_1_71' title='bbox 286 1119 421 1195; x_wconf 90' lang='lat' dir='ltr'>clusam,</span> <span class='ocrx_word' id='word_1_72' title='bbox 454 1137 524 1182; x_wconf 90' lang='lat' dir='ltr'>oum</span> <span class='ocrx_word' id='word_1_73' title='bbox 554 1117 736 1200; x_wconf 90' lang='lat' dir='ltr'>Pompeiani</span> <span class='ocrx_word' id='word_1_74' title='bbox 759 1117 894 1182; x_wconf 90' lang='lat' dir='ltr'>latebras</span> <span class='ocrx_word' id='word_1_75' title='bbox 918 1137 989 1182; x_wconf 90' lang='lat' dir='ltr'>suas</span> <span class='ocrx_word' id='word_1_76' title='bbox 1019 1119 1246 1202; x_wconf 82' lang='lat' dir='ltr'>relinquerent,</span> <span class='ocrx_word' id='word_1_77' title='bbox 1278 1119 1310 1182; x_wconf 90' lang='lat' dir='ltr'>et</span> <span class='ocrx_word' id='word_1_78' title='bbox 1339 1116 1439 1200; x_wconf 91' lang='lat' dir='ltr'>ipsum</span> <span class='ocrx_word' id='word_1_79' title='bbox 1470 1117 1654 1200; x_wconf 89' lang='lat' dir='ltr'>Pompeium</span> <span class='ocrx_word' id='word_1_80' title='bbox 1683 1136 1743 1181; x_wconf 93' lang='lat' dir='ltr'>non</span> <span class='ocrx_word' id='word_1_81' title='bbox 1773 1119 1870 1196; x_wconf 90' lang='lat' dir='ltr'>intra,</span> <span class='ocrx_word' id='word_1_82' title='bbox 1903 1118 1956 1182; x_wconf 90' lang='lat' dir='ltr'>sed</span> <span class='ocrx_word' id='word_1_83' title='bbox 1984 1120 2070 1182; x_wconf 90' lang='lat' dir='ltr'>extra</span> 
     </span>
     <span class='ocr_line' id='line_1_10' title="bbox 285 1220 2069 1306; baseline -0.001 -20"><span class='ocrx_word' id='word_1_84' title='bbox 285 1223 474 1286; x_wconf 89' lang='lat' dir='ltr'>munitiones</span> <span class='ocrx_word' id='word_1_85' title='bbox 495 1223 527 1286; x_wconf 91' lang='lat' dir='ltr'>in</span> <span class='ocrx_word' id='word_1_86' title='bbox 550 1220 625 1304; x_wconf 83' lang='lat' dir='ltr'>fuga</span> <span class='ocrx_word' id='word_1_87' title='bbox 647 1239 714 1285; x_wconf 91' lang='lat' dir='ltr'>esse</span> <span class='ocrx_word' id='word_1_88' title='bbox 738 1222 872 1304; x_wconf 89' lang='lat' dir='ltr'>captum.</span> <span class='ocrx_word' id='word_1_89' title='bbox 915 1222 1041 1286; x_wconf 74' lang='lat' dir='ltr'>Etenim</span> <span class='ocrx_word' id='word_1_90' title='bbox 1065 1222 1093 1286; x_wconf 87' lang='lat' dir='ltr'>si</span> <span class='ocrx_word' id='word_1_91' title='bbox 1114 1221 1305 1286; x_wconf 81' lang='lat' dir='ltr'>munitiones</span> <span class='ocrx_word' id='word_1_92' title='bbox 1328 1241 1346 1286; x_wconf 93' lang='lat' dir='ltr'>a</span> <span class='ocrx_word' id='word_1_93' title='bbox 1369 1221 1563 1286; x_wconf 79' lang='lat' dir='ltr'>Caesarianis</span> <span class='ocrx_word' id='word_1_94' title='bbox 1586 1223 1659 1286; x_wconf 89' lang='lat' dir='ltr'>ante</span> <span class='ocrx_word' id='word_1_95' title='bbox 1681 1221 1789 1304; x_wconf 91' lang='lat' dir='ltr'>fugam</span> <span class='ocrx_word' id='word_1_96' title='bbox 1811 1221 2069 1306; x_wconf 88' lang='lat' dir='ltr'>Pompeianomm</span> 
     </span>
     <span class='ocr_line' id='line_1_11' title="bbox 287 1311 2069 1410; baseline -0.001 -20"><span class='ocrx_word' id='word_1_97' title='bbox 287 1311 392 1391; x_wconf 81' lang='lat' dir='ltr'>essent</span> <span class='ocrx_word' id='word_1_98' title='bbox 414 1323 571 1408; x_wconf 88' lang='lat' dir='ltr'>perfectae</span> <span class='ocrx_word' id='word_1_99' title='bbox 594 1325 626 1388; x_wconf 89' lang='lat' dir='ltr'>et</span> <span class='ocrx_word' id='word_1_100' title='bbox 647 1323 827 1402; x_wconf 89' lang='lat' dir='ltr'>conclusae,</span> <span class='ocrx_word' id='word_1_101' title='bbox 856 1324 981 1389; x_wconf 91' lang='lat' dir='ltr'>omnino</span> <span class='ocrx_word' id='word_1_102' title='bbox 1004 1325 1202 1408; x_wconf 85' lang='lat' dir='ltr'>Pompeianis</span> <span class='ocrx_word' id='word_1_103' title='bbox 1225 1344 1287 1390; x_wconf 91' lang='lat' dir='ltr'>non</span> <span class='ocrx_word' id='word_1_104' title='bbox 1310 1327 1343 1390; x_wconf 93' lang='lat' dir='ltr'>in</span> <span class='ocrx_word' id='word_1_105' title='bbox 1364 1327 1503 1391; x_wconf 88' lang='lat' dir='ltr'>mentem</span> <span class='ocrx_word' id='word_1_106' title='bbox 1524 1327 1662 1391; x_wconf 81' lang='lat' dir='ltr'>venisset</span> <span class='ocrx_word' id='word_1_107' title='bbox 1684 1327 1833 1410; x_wconf 61' lang='lat' dir='ltr'>effugere</span> <span class='ocrx_word' id='word_1_108' title='bbox 1864 1345 1971 1392; x_wconf 85' lang='lat' dir='ltr'>verum</span> <span class='ocrx_word' id='word_1_109' title='bbox 1993 1325 2069 1390; x_wconf 89' lang='lat' dir='ltr'>scri·</span> 
     </span>
     <span class='ocr_line' id='line_1_12' title="bbox 284 1427 2069 1514; baseline -0.002 -19"><span class='ocrx_word' id='word_1_110' title='bbox 284 1431 374 1513; x_wconf 88' lang='lat' dir='ltr'>ptum</span> <span class='ocrx_word' id='word_1_111' title='bbox 405 1431 454 1494; x_wconf 89' lang='lat' dir='ltr'>est</span> <span class='ocrx_word' id='word_1_112' title='bbox 487 1427 582 1512; x_wconf 87' lang='lat' dir='ltr'>fuga</span> <span class='ocrx_word' id='word_1_113' title='bbox 615 1428 698 1493; x_wconf 88' lang='lat' dir='ltr'>sibi</span> <span class='ocrx_word' id='word_1_114' title='bbox 728 1427 984 1512; x_wconf 90' lang='lat' dir='ltr'>praesidium</span> <span class='ocrx_word' id='word_1_115' title='bbox 1019 1429 1197 1511; x_wconf 86' lang='lat' dir='ltr'>capiunt</span> <span class='ocrx_word' id='word_1_116' title='bbox 1255 1430 1376 1495; x_wconf 84' lang='lat' dir='ltr'>Deinde</span> <span class='ocrx_word' id='word_1_117' title='bbox 1407 1433 1512 1495; x_wconf 89' lang='lat' dir='ltr'>autem</span> <span class='ocrx_word' id='word_1_118' title='bbox 1544 1431 1675 1514; x_wconf 78' lang='lat' dir='ltr'>scriptor</span> <span class='ocrx_word' id='word_1_119' title='bbox 1704 1429 1795 1511; x_wconf 90' lang='lat' dir='ltr'>dicit,</span> <span class='ocrx_word' id='word_1_120' title='bbox 1826 1431 2010 1514; x_wconf 88' lang='lat' dir='ltr'>Pompeium</span> <span class='ocrx_word' id='word_1_121' title='bbox 2031 1427 2069 1492; x_wconf 87' lang='lat' dir='ltr'>ad</span> 
     </span>
     <span class='ocr_line' id='line_1_13' title="bbox 286 1532 2070 1620; baseline 0.002 -22"><span class='ocrx_word' id='word_1_122' title='bbox 286 1533 468 1617; x_wconf 87' lang='lat' dir='ltr'>fugiendum</span> <span class='ocrx_word' id='word_1_123' title='bbox 498 1551 559 1597; x_wconf 91' lang='lat' dir='ltr'>non</span> <span class='ocrx_word' id='word_1_124' title='bbox 601 1532 726 1598; x_wconf 90' lang='lat' dir='ltr'>omnino</span> <span class='ocrx_word' id='word_1_125' title='bbox 760 1551 827 1597; x_wconf 89' lang='lat' dir='ltr'>esse</span> <span class='ocrx_word' id='word_1_126' title='bbox 860 1532 1122 1616; x_wconf 90' lang='lat' dir='ltr'>impeditum,</span> <span class='ocrx_word' id='word_1_127' title='bbox 1158 1537 1212 1601; x_wconf 90' lang='lat' dir='ltr'>sed</span> <span class='ocrx_word' id='word_1_128' title='bbox 1245 1536 1468 1613; x_wconf 87' lang='lat' dir='ltr'>tardatum,</span> <span class='ocrx_word' id='word_1_129' title='bbox 1502 1535 1522 1600; x_wconf 90' lang='lat' dir='ltr'>i.</span> <span class='ocrx_word' id='word_1_130' title='bbox 1552 1553 1578 1599; x_wconf 93' lang='lat' dir='ltr'>e.</span> <span class='ocrx_word' id='word_1_131' title='bbox 1609 1536 1642 1599; x_wconf 92' lang='lat' dir='ltr'>in</span> <span class='ocrx_word' id='word_1_132' title='bbox 1675 1534 1822 1620; x_wconf 87' lang='lat' dir='ltr'>fugiendo</span> <span class='ocrx_word' id='word_1_133' title='bbox 1856 1537 1914 1600; x_wconf 90' lang='lat' dir='ltr'>tali</span> <span class='ocrx_word' id='word_1_134' title='bbox 1944 1536 2070 1601; x_wconf 84' lang='lat' dir='ltr'>vulnere</span> 
     </span>
     <span class='ocr_line' id='line_1_14' title="bbox 286 1637 2070 1724; baseline 0.001 -20"><span class='ocrx_word' id='word_1_135' title='bbox 286 1658 434 1722; x_wconf 89' lang='lat' dir='ltr'>magnam</span> <span class='ocrx_word' id='word_1_136' title='bbox 456 1637 634 1704; x_wconf 86' lang='lat' dir='ltr'>molestiam</span> <span class='ocrx_word' id='word_1_137' title='bbox 657 1637 803 1720; x_wconf 90' lang='lat' dir='ltr'>suscepit.</span> <span class='ocrx_word' id='word_1_138' title='bbox 846 1637 916 1720; x_wconf 91' lang='lat' dir='ltr'>Ipse</span> <span class='ocrx_word' id='word_1_139' title='bbox 938 1637 1036 1720; x_wconf 87' lang='lat' dir='ltr'>igitur</span> <span class='ocrx_word' id='word_1_140' title='bbox 1058 1638 1183 1723; x_wconf 82' lang='lat' dir='ltr'>fugiens</span> <span class='ocrx_word' id='word_1_141' title='bbox 1205 1640 1308 1706; x_wconf 92' lang='lat' dir='ltr'>locum</span> <span class='ocrx_word' id='word_1_142' title='bbox 1331 1643 1487 1706; x_wconf 90' lang='lat' dir='ltr'>munitum</span> <span class='ocrx_word' id='word_1_143' title='bbox 1509 1641 1637 1724; x_wconf 87' lang='lat' dir='ltr'>reliquit</span> <span class='ocrx_word' id='word_1_144' title='bbox 1660 1641 1692 1704; x_wconf 90' lang='lat' dir='ltr'>ot</span> <span class='ocrx_word' id='word_1_145' title='bbox 1713 1640 1840 1719; x_wconf 87' lang='lat' dir='ltr'>lectica,</span> <span class='ocrx_word' id='word_1_146' title='bbox 1863 1641 1957 1705; x_wconf 91' lang='lat' dir='ltr'>sicuti</span> <span class='ocrx_word' id='word_1_147' title='bbox 1979 1643 2070 1706; x_wconf 86' lang='lat' dir='ltr'>antea</span> 
     </span>
     <span class='ocr_line' id='line_1_15' title="bbox 285 1741 2068 1830; baseline -0.001 -20"><span class='ocrx_word' id='word_1_148' title='bbox 285 1745 445 1810; x_wconf 88' lang='lat' dir='ltr'>narratum</span> <span class='ocrx_word' id='word_1_149' title='bbox 465 1745 529 1822; x_wconf 90' lang='lat' dir='ltr'>est,</span> <span class='ocrx_word' id='word_1_150' title='bbox 551 1741 716 1808; x_wconf 88' lang='lat' dir='ltr'>ferebatur.</span> <span class='ocrx_word' id='word_1_151' title='bbox 759 1743 801 1806; x_wconf 83' lang='lat' dir='ltr'>Et</span> <span class='ocrx_word' id='word_1_152' title='bbox 820 1743 856 1806; x_wconf 92' lang='lat' dir='ltr'>ut</span> <span class='ocrx_word' id='word_1_153' title='bbox 877 1742 936 1807; x_wconf 91' lang='lat' dir='ltr'>boc</span> <span class='ocrx_word' id='word_1_154' title='bbox 959 1760 1079 1825; x_wconf 91' lang='lat' dir='ltr'>quoque</span> <span class='ocrx_word' id='word_1_155' title='bbox 1099 1761 1353 1824; x_wconf 84' lang='lat' dir='ltr'>commemorem,</span> <span class='ocrx_word' id='word_1_156' title='bbox 1374 1747 1401 1812; x_wconf 89' lang='lat' dir='ltr'>si</span> <span class='ocrx_word' id='word_1_157' title='bbox 1416 1747 1585 1830; x_wconf 90' lang='lat' dir='ltr'>Pompeius</span> <span class='ocrx_word' id='word_1_158' title='bbox 1605 1745 1779 1810; x_wconf 87' lang='lat' dir='ltr'>munitione</span> <span class='ocrx_word' id='word_1_159' title='bbox 1794 1747 1877 1810; x_wconf 88' lang='lat' dir='ltr'>esset</span> <span class='ocrx_word' id='word_1_160' title='bbox 1897 1745 2068 1822; x_wconf 89' lang='lat' dir='ltr'>conclusus,</span> 
     </span>
     <span class='ocr_line' id='line_1_16' title="bbox 284 1845 2069 1934; baseline 0 -22"><span class='ocrx_word' id='word_1_161' title='bbox 284 1849 336 1912; x_wconf 84' lang='lat' dir='ltr'>rix</span> <span class='ocrx_word' id='word_1_162' title='bbox 358 1848 505 1914; x_wconf 88' lang='lat' dir='ltr'>credibile</span> <span class='ocrx_word' id='word_1_163' title='bbox 533 1847 595 1924; x_wconf 89' lang='lat' dir='ltr'>ost,</span> <span class='ocrx_word' id='word_1_164' title='bbox 627 1845 768 1911; x_wconf 86' lang='lat' dir='ltr'>futurum</span> <span class='ocrx_word' id='word_1_165' title='bbox 792 1845 906 1924; x_wconf 86' lang='lat' dir='ltr'>luisse,</span> <span class='ocrx_word' id='word_1_166' title='bbox 935 1848 971 1910; x_wconf 93' lang='lat' dir='ltr'>ut</span> <span class='ocrx_word' id='word_1_167' title='bbox 996 1847 1081 1910; x_wconf 89' lang='lat' dir='ltr'>intra</span> <span class='ocrx_word' id='word_1_168' title='bbox 1106 1849 1296 1914; x_wconf 91' lang='lat' dir='ltr'>munitiones</span> <span class='ocrx_word' id='word_1_169' title='bbox 1324 1869 1392 1914; x_wconf 90' lang='lat' dir='ltr'>sese</span> <span class='ocrx_word' id='word_1_170' title='bbox 1421 1850 1567 1934; x_wconf 88' lang='lat' dir='ltr'>spelunca</span> <span class='ocrx_word' id='word_1_171' title='bbox 1597 1849 1766 1922; x_wconf 89' lang='lat' dir='ltr'>occuleret;</span> <span class='ocrx_word' id='word_1_172' title='bbox 1796 1867 1873 1931; x_wconf 91' lang='lat' dir='ltr'>qnae</span> <span class='ocrx_word' id='word_1_173' title='bbox 1903 1867 1967 1926; x_wconf 89' lang='lat' dir='ltr'>res,</span> <span class='ocrx_word' id='word_1_174' title='bbox 1996 1868 2069 1914; x_wconf 91' lang='lat' dir='ltr'>sane</span> 
     </span>
     <span class='ocr_line' id='line_1_17' title="bbox 285 1951 2069 2035; baseline -0.002 -17"><span class='ocrx_word' id='word_1_175' title='bbox 285 1953 406 2031; x_wconf 90' lang='lat' dir='ltr'>hercle,</span> <span class='ocrx_word' id='word_1_176' title='bbox 429 1953 459 2018; x_wconf 93' lang='lat' dir='ltr'>ei</span> <span class='ocrx_word' id='word_1_177' title='bbox 474 1953 555 2018; x_wconf 92' lang='lat' dir='ltr'>nibil</span> <span class='ocrx_word' id='word_1_178' title='bbox 570 1951 749 2035; x_wconf 84' lang='lat' dir='ltr'>profuisset.</span> <span class='ocrx_word' id='word_1_179' title='bbox 778 1951 856 2016; x_wconf 80' lang='lat' dir='ltr'>Cum</span> <span class='ocrx_word' id='word_1_180' title='bbox 877 1953 1037 2035; x_wconf 88' lang='lat' dir='ltr'>praeterea</span> <span class='ocrx_word' id='word_1_181' title='bbox 1056 1951 1176 2017; x_wconf 91' lang='lat' dir='ltr'>codices</span> <span class='ocrx_word' id='word_1_182' title='bbox 1195 1954 1330 2018; x_wconf 88' lang='lat' dir='ltr'>habeant</span> <span class='ocrx_word' id='word_1_183' title='bbox 1350 1955 1535 2032; x_wconf 82' lang='lat' dir='ltr'>exclusa,</span> <span class='ocrx_word' id='word_1_184' title='bbox 1558 1971 1618 2018; x_wconf 92' lang='lat' dir='ltr'>non</span> <span class='ocrx_word' id='word_1_185' title='bbox 1640 1953 1852 2030; x_wconf 90' lang='lat' dir='ltr'>conclusa,</span> <span class='ocrx_word' id='word_1_186' title='bbox 1875 1953 2069 2018; x_wconf 90' lang='lat' dir='ltr'>scribendum</span> 
     </span>
     <span class='ocr_line' id='line_1_18' title="bbox 286 2055 2069 2142; baseline -0.002 -20"><span class='ocrx_word' id='word_1_187' title='bbox 286 2075 397 2123; x_wconf 91' lang='lat' dir='ltr'>censeo</span> <span class='ocrx_word' id='word_1_188' title='bbox 434 2056 627 2122; x_wconf 83' lang='lat' dir='ltr'>exclusus</span> <span class='ocrx_word' id='word_1_189' title='bbox 664 2055 899 2120; x_wconf 91' lang='lat' dir='ltr'>munitione</span> <span class='ocrx_word' id='word_1_190' title='bbox 936 2055 1186 2139; x_wconf 89' lang='lat' dir='ltr'>amissisque</span> <span class='ocrx_word' id='word_1_191' title='bbox 1218 2057 1404 2123; x_wconf 83' lang='lat' dir='ltr'>auxiliis.</span> <span class='ocrx_word' id='word_1_192' title='bbox 1463 2057 1544 2122; x_wconf 91' lang='lat' dir='ltr'>Nam</span> <span class='ocrx_word' id='word_1_193' title='bbox 1575 2059 1739 2142; x_wconf 87' lang='lat' dir='ltr'>postquam</span> <span class='ocrx_word' id='word_1_194' title='bbox 1770 2058 1937 2141; x_wconf 88' lang='lat' dir='ltr'>Pompeius</span> <span class='ocrx_word' id='word_1_195' title='bbox 1966 2056 2069 2121; x_wconf 91' lang='lat' dir='ltr'>locum</span> 
     </span>
     <span class='ocr_line' id='line_1_19' title="bbox 285 2159 2068 2244; baseline -0.002 -18"><span class='ocrx_word' id='word_1_196' title='bbox 285 2162 441 2226; x_wconf 88' lang='lat' dir='ltr'>munitum</span> <span class='ocrx_word' id='word_1_197' title='bbox 461 2160 588 2243; x_wconf 90' lang='lat' dir='ltr'>reliquit</span> <span class='ocrx_word' id='word_1_198' title='bbox 606 2160 813 2236; x_wconf 88' lang='lat' dir='ltr'>munitiones,</span> <span class='ocrx_word' id='word_1_199' title='bbox 838 2177 914 2243; x_wconf 91' lang='lat' dir='ltr'>quas</span> <span class='ocrx_word' id='word_1_200' title='bbox 936 2160 1002 2242; x_wconf 91' lang='lat' dir='ltr'>ipse</span> <span class='ocrx_word' id='word_1_201' title='bbox 1025 2159 1085 2224; x_wconf 91' lang='lat' dir='ltr'>sibi</span> <span class='ocrx_word' id='word_1_202' title='bbox 1106 2162 1282 2242; x_wconf 84' lang='lat' dir='ltr'>paraverat,</span> <span class='ocrx_word' id='word_1_203' title='bbox 1305 2179 1367 2226; x_wconf 91' lang='lat' dir='ltr'>non</span> <span class='ocrx_word' id='word_1_204' title='bbox 1389 2161 1452 2225; x_wconf 91' lang='lat' dir='ltr'>iam</span> <span class='ocrx_word' id='word_1_205' title='bbox 1470 2161 1499 2224; x_wconf 90' lang='lat' dir='ltr'>ei</span> <span class='ocrx_word' id='word_1_206' title='bbox 1521 2161 1674 2244; x_wconf 87' lang='lat' dir='ltr'>praesidio</span> <span class='ocrx_word' id='word_1_207' title='bbox 1694 2163 1796 2237; x_wconf 83' lang='lat' dir='ltr'>erant,</span> <span class='ocrx_word' id='word_1_208' title='bbox 1819 2163 1879 2226; x_wconf 89' lang='lat' dir='ltr'>huc</span> <span class='ocrx_word' id='word_1_209' title='bbox 1895 2159 2068 2238; x_wconf 89' lang='lat' dir='ltr'>accedebat,</span> 
     </span>
     <span class='ocr_line' id='line_1_20' title="bbox 286 2262 2069 2349; baseline -0.001 -19"><span class='ocrx_word' id='word_1_210' title='bbox 286 2266 322 2330; x_wconf 91' lang='lat' dir='ltr'>ut</span> <span class='ocrx_word' id='word_1_211' title='bbox 343 2266 438 2330; x_wconf 88' lang='lat' dir='ltr'>otiam</span> <span class='ocrx_word' id='word_1_212' title='bbox 465 2265 586 2348; x_wconf 87' lang='lat' dir='ltr'>copiae,</span> <span class='ocrx_word' id='word_1_213' title='bbox 616 2281 692 2346; x_wconf 92' lang='lat' dir='ltr'>quas</span> <span class='ocrx_word' id='word_1_214' title='bbox 714 2263 878 2338; x_wconf 87' lang='lat' dir='ltr'>habuerat,</span> <span class='ocrx_word' id='word_1_215' title='bbox 909 2263 1002 2327; x_wconf 89' lang='lat' dir='ltr'>caede</span> <span class='ocrx_word' id='word_1_216' title='bbox 1032 2262 1151 2328; x_wconf 86' lang='lat' dir='ltr'>deletae</span> <span class='ocrx_word' id='word_1_217' title='bbox 1174 2266 1293 2344; x_wconf 89' lang='lat' dir='ltr'>essent,</span> <span class='ocrx_word' id='word_1_218' title='bbox 1323 2266 1427 2349; x_wconf 90' lang='lat' dir='ltr'>itaque</span> <span class='ocrx_word' id='word_1_219' title='bbox 1456 2266 1542 2330; x_wconf 92' lang='lat' dir='ltr'>omni</span> <span class='ocrx_word' id='word_1_220' title='bbox 1569 2266 1684 2330; x_wconf 87' lang='lat' dir='ltr'>auxilio</span> <span class='ocrx_word' id='word_1_221' title='bbox 1710 2266 1879 2330; x_wconf 86' lang='lat' dir='ltr'>destitutus</span> <span class='ocrx_word' id='word_1_222' title='bbox 1901 2267 1977 2330; x_wconf 90' lang='lat' dir='ltr'>erat.</span> <span class='ocrx_word' id='word_1_223' title='bbox 2020 2263 2069 2328; x_wconf 87' lang='lat' dir='ltr'>Ad</span> 
     </span>
     <span class='ocr_line' id='line_1_21' title="bbox 287 2367 2070 2452; baseline -0.002 -20"><span class='ocrx_word' id='word_1_224' title='bbox 287 2370 458 2434; x_wconf 89' lang='lat' dir='ltr'>extremum</span> <span class='ocrx_word' id='word_1_225' title='bbox 489 2367 527 2432; x_wconf 90' lang='lat' dir='ltr'>ab</span> <span class='ocrx_word' id='word_1_226' title='bbox 559 2367 707 2450; x_wconf 87' lang='lat' dir='ltr'>scriptore</span> <span class='ocrx_word' id='word_1_227' title='bbox 733 2367 770 2432; x_wconf 89' lang='lat' dir='ltr'>B.</span> <span class='ocrx_word' id='word_1_228' title='bbox 792 2368 832 2432; x_wconf 90' lang='lat' dir='ltr'>H.</span> <span class='ocrx_word' id='word_1_229' title='bbox 863 2386 924 2432; x_wconf 91' lang='lat' dir='ltr'>non</span> <span class='ocrx_word' id='word_1_230' title='bbox 950 2385 1041 2450; x_wconf 88' lang='lat' dir='ltr'>posse</span> <span class='ocrx_word' id='word_1_231' title='bbox 1071 2368 1187 2452; x_wconf 89' lang='lat' dir='ltr'>scripta</span> <span class='ocrx_word' id='word_1_232' title='bbox 1217 2387 1285 2434; x_wconf 90' lang='lat' dir='ltr'>esse</span> <span class='ocrx_word' id='word_1_233' title='bbox 1321 2369 1518 2434; x_wconf 90' lang='lat' dir='ltr'>conclusa</span> <span class='ocrx_word' id='word_1_234' title='bbox 1549 2370 1785 2434; x_wconf 88' lang='lat' dir='ltr'>munitione</span> <span class='ocrx_word' id='word_1_235' title='bbox 1819 2368 2070 2450; x_wconf 91' lang='lat' dir='ltr'>amissisque</span> 
     </span>
     <span class='ocr_line' id='line_1_22' title="bbox 287 2470 2070 2558; baseline -0.001 -21"><span class='ocrx_word' id='word_1_236' title='bbox 287 2471 476 2550; x_wconf 87' lang='lat' dir='ltr'>auxiliis,</span> <span class='ocrx_word' id='word_1_237' title='bbox 507 2471 603 2536; x_wconf 88' lang='lat' dir='ltr'>etiam</span> <span class='ocrx_word' id='word_1_238' title='bbox 626 2470 697 2536; x_wconf 90' lang='lat' dir='ltr'>inde</span> <span class='ocrx_word' id='word_1_239' title='bbox 724 2471 902 2554; x_wconf 89' lang='lat' dir='ltr'>intelligere</span> <span class='ocrx_word' id='word_1_240' title='bbox 932 2471 1021 2558; x_wconf 74' lang='lat' dir='ltr'>licet,</span> <span class='ocrx_word' id='word_1_241' title='bbox 1052 2472 1131 2556; x_wconf 88' lang='lat' dir='ltr'>quod</span> <span class='ocrx_word' id='word_1_242' title='bbox 1154 2475 1211 2539; x_wconf 88' lang='lat' dir='ltr'>hoc</span> <span class='ocrx_word' id='word_1_243' title='bbox 1238 2474 1318 2540; x_wconf 90' lang='lat' dir='ltr'>libro</span> <span class='ocrx_word' id='word_1_244' title='bbox 1348 2474 1478 2540; x_wconf 87' lang='lat' dir='ltr'>ablativi</span> <span class='ocrx_word' id='word_1_245' title='bbox 1506 2475 1640 2540; x_wconf 89' lang='lat' dir='ltr'>absoluti</span> <span class='ocrx_word' id='word_1_246' title='bbox 1664 2493 1820 2557; x_wconf 91' lang='lat' dir='ltr'>nunqnam</span> <span class='ocrx_word' id='word_1_247' title='bbox 1843 2473 2070 2557; x_wconf 89' lang='lat' dir='ltr'>coniunguntur</span> 
     </span>
     <span class='ocr_line' id='line_1_23' title="bbox 286 2575 2070 2662; baseline -0.002 -20"><span class='ocrx_word' id='word_1_248' title='bbox 286 2577 440 2661; x_wconf 90' lang='lat' dir='ltr'>particula</span> <span class='ocrx_word' id='word_1_249' title='bbox 463 2595 554 2660; x_wconf 92' lang='lat' dir='ltr'>que,</span> <span class='ocrx_word' id='word_1_250' title='bbox 577 2575 633 2640; x_wconf 85' lang='lat' dir='ltr'>cfr.</span> <span class='ocrx_word' id='word_1_251' title='bbox 658 2577 686 2654; x_wconf 92' lang='lat'>1,</span> <span class='ocrx_word' id='word_1_252' title='bbox 711 2577 726 2640; x_wconf 92' lang='lat'>1</span> <span class='ocrx_word' id='word_1_253' title='bbox 751 2577 964 2641; x_wconf 89' lang='lat' dir='ltr'>Pharnace</span> <span class='ocrx_word' id='word_1_254' title='bbox 994 2580 1219 2661; x_wconf 89' lang='lat' dir='ltr'>superato.</span> <span class='ocrx_word' id='word_1_255' title='bbox 1244 2577 1476 2644; x_wconf 81' lang='lat' dir='ltr'>...Africa</span> <span class='ocrx_word' id='word_1_256' title='bbox 1502 2579 1680 2662; x_wconf 89' lang='lat' dir='ltr'>recepta.</span> <span class='ocrx_word' id='word_1_257' title='bbox 1733 2579 1787 2654; x_wconf 87' lang='lat'>13,</span> <span class='ocrx_word' id='word_1_258' title='bbox 1808 2579 1827 2642; x_wconf 88' lang='grc'><strong>6</strong></span> <span class='ocrx_word' id='word_1_259' title='bbox 1850 2576 1986 2640; x_wconf 88' lang='lat' dir='ltr'>relato</span> <span class='ocrx_word' id='word_1_260' title='bbox 2008 2592 2070 2640; x_wconf 93' lang='lat' dir='ltr'>re-</span> 
     </span>
     <span class='ocr_line' id='line_1_24' title="bbox 288 2677 2070 2765; baseline -0.002 -21"><span class='ocrx_word' id='word_1_261' title='bbox 288 2699 449 2764; x_wconf 83' lang='lat' dir='ltr'>sponso,</span> <span class='ocrx_word' id='word_1_262' title='bbox 471 2681 649 2746; x_wconf 89' lang='lat' dir='ltr'>clamore</span> <span class='ocrx_word' id='word_1_263' title='bbox 671 2680 852 2760; x_wconf 89' lang='lat' dir='ltr'>sublato,</span> <span class='ocrx_word' id='word_1_264' title='bbox 875 2683 982 2746; x_wconf 90' lang='lat' dir='ltr'>omni</span> <span class='ocrx_word' id='word_1_265' title='bbox 1005 2699 1155 2765; x_wconf 88' lang='lat' dir='ltr'>genere</span> <span class='ocrx_word' id='word_1_266' title='bbox 1177 2682 1353 2747; x_wconf 92' lang='lat' dir='ltr'>telorum</span> <span class='ocrx_word' id='word_1_267' title='bbox 1376 2683 1534 2748; x_wconf 90' lang='lat' dir='ltr'>emisso.</span> <span class='ocrx_word' id='word_1_268' title='bbox 1567 2685 1617 2759; x_wconf 86' lang='grc'>36,</span> <span class='ocrx_word' id='word_1_269' title='bbox 1635 2683 1655 2745; x_wconf 89' lang='grc'><strong>4</strong></span> <span class='ocrx_word' id='word_1_270' title='bbox 1674 2700 1748 2765; x_wconf 91' lang='lat' dir='ltr'>quo</span> <span class='ocrx_word' id='word_1_271' title='bbox 1773 2679 1899 2757; x_wconf 86' lang='lat' dir='ltr'>facto,</span> <span class='ocrx_word' id='word_1_272' title='bbox 1923 2677 2070 2762; x_wconf 91' lang='lat' dir='ltr'>oppido</span> 
     </span>
     <span class='ocr_line' id='line_1_25' title="bbox 287 2785 2071 2871; baseline -0.004 -19"><span class='ocrx_word' id='word_1_273' title='bbox 287 2787 546 2871; x_wconf 90' lang='lat' dir='ltr'>recuperato.</span> <span class='ocrx_word' id='word_1_274' title='bbox 601 2786 692 2862; x_wconf 87' lang='lat'>37,1</span> <span class='ocrx_word' id='word_1_275' title='bbox 723 2785 807 2850; x_wconf 89' lang='lat' dir='ltr'>Hac</span> <span class='ocrx_word' id='word_1_276' title='bbox 836 2805 877 2850; x_wconf 90' lang='lat' dir='ltr'>re</span> <span class='ocrx_word' id='word_1_277' title='bbox 907 2787 1091 2870; x_wconf 87' lang='lat' dir='ltr'>cognita,</span> <span class='ocrx_word' id='word_1_278' title='bbox 1128 2786 1369 2869; x_wconf 89' lang='lat' dir='ltr'>insequenti</span> <span class='ocrx_word' id='word_1_279' title='bbox 1400 2787 1522 2852; x_wconf 90' lang='lat' dir='ltr'>nocte</span> <span class='ocrx_word' id='word_1_280' title='bbox 1554 2786 1708 2868; x_wconf 81' lang='lat' dir='ltr'>vigilia</span> <span class='ocrx_word' id='word_1_281' title='bbox 1739 2785 1871 2850; x_wconf 85' lang='lat' dir='ltr'>tertia</span> <span class='ocrx_word' id='word_1_282' title='bbox 1908 2786 2071 2848; x_wconf 87' lang='lat' dir='ltr'>tessara</span> 
     </span>
     <span class='ocr_line' id='line_1_26' title="bbox 288 2889 2070 2974; baseline -0.002 -20"><span class='ocrx_word' id='word_1_283' title='bbox 288 2891 390 2956; x_wconf 89' lang='lat' dir='ltr'>data.</span> <span class='ocrx_word' id='word_1_284' title='bbox 431 2891 531 2968; x_wconf 86' lang='grc'>42,2</span> <span class='ocrx_word' id='word_1_285' title='bbox 560 2891 795 2973; x_wconf 89' lang='lat' dir='ltr'>patrocinio</span> <span class='ocrx_word' id='word_1_286' title='bbox 826 2891 1035 2974; x_wconf 91' lang='lat' dir='ltr'>suscepto,</span> <span class='ocrx_word' id='word_1_287' title='bbox 1068 2891 1213 2956; x_wconf 87' lang='lat' dir='ltr'>multis</span> <span class='ocrx_word' id='word_1_288' title='bbox 1247 2891 1537 2974; x_wconf 90' lang='lat' dir='ltr'>legationibus</span> <span class='ocrx_word' id='word_1_289' title='bbox 1569 2891 1615 2954; x_wconf 90' lang='lat' dir='ltr'>ab</span> <span class='ocrx_word' id='word_1_290' title='bbox 1648 2909 1688 2955; x_wconf 91' lang='lat' dir='ltr'>se</span> <span class='ocrx_word' id='word_1_291' title='bbox 1719 2891 1760 2954; x_wconf 91' lang='lat' dir='ltr'>in</span> <span class='ocrx_word' id='word_1_292' title='bbox 1793 2890 1980 2954; x_wconf 89' lang='lat' dir='ltr'>senatum</span> <span class='ocrx_word' id='word_1_293' title='bbox 2008 2889 2070 2951; x_wconf 93' lang='lat' dir='ltr'>in·</span> 
     </span>
     <span class='ocr_line' id='line_1_27' title="bbox 288 2993 2070 3080; baseline -0.003 -21"><span class='ocrx_word' id='word_1_294' title='bbox 288 2995 441 3072; x_wconf 89' lang='lat' dir='ltr'>ductis,</span> <span class='ocrx_word' id='word_1_295' title='bbox 464 2994 587 3059; x_wconf 91' lang='lat' dir='ltr'>simul</span> <span class='ocrx_word' id='word_1_296' title='bbox 608 2993 793 3077; x_wconf 90' lang='lat' dir='ltr'>publicis</span> <span class='ocrx_word' id='word_1_297' title='bbox 814 2995 1076 3080; x_wconf 89' lang='lat' dir='ltr'>privatisque</span> <span class='ocrx_word' id='word_1_298' title='bbox 1099 2995 1258 3060; x_wconf 84' lang='lat' dir='ltr'>caussis</span> <span class='ocrx_word' id='word_1_299' title='bbox 1277 2994 1500 3059; x_wconf 90' lang='lat' dir='ltr'>multorum</span> <span class='ocrx_word' id='word_1_300' title='bbox 1519 2993 1770 3058; x_wconf 88' lang='lat' dir='ltr'>inimicitiis</span> <span class='ocrx_word' id='word_1_301' title='bbox 1790 2993 2070 3076; x_wconf 88' lang='lat' dir='ltr'>snsceptisetc.</span> 
     </span>
     <span class='ocr_line' id='line_1_28' title="bbox 288 3096 2071 3183; baseline -0.002 -20"><span class='ocrx_word' id='word_1_302' title='bbox 288 3098 492 3183; x_wconf 87' lang='lat' dir='ltr'>Participium</span> <span class='ocrx_word' id='word_1_303' title='bbox 509 3099 613 3162; x_wconf 90' lang='lat' dir='ltr'>autom</span> <span class='ocrx_word' id='word_1_304' title='bbox 632 3099 846 3176; x_wconf 87' lang='lat' dir='ltr'>coniunctum,</span> <span class='ocrx_word' id='word_1_305' title='bbox 870 3098 949 3182; x_wconf 90' lang='lat' dir='ltr'>quod</span> <span class='ocrx_word' id='word_1_306' title='bbox 967 3099 1114 3176; x_wconf 89' lang='lat' dir='ltr'>dicimus,</span> <span class='ocrx_word' id='word_1_307' title='bbox 1138 3098 1333 3164; x_wconf 90' lang='lat' dir='ltr'>exclusus</span> <span class='ocrx_word' id='word_1_308' title='bbox 1354 3098 1508 3181; x_wconf 88' lang='lat' dir='ltr'>particula</span> <span class='ocrx_word' id='word_1_309' title='bbox 1529 3117 1603 3182; x_wconf 92' lang='lat' dir='ltr'>que</span> <span class='ocrx_word' id='word_1_310' title='bbox 1626 3117 1644 3162; x_wconf 92' lang='lat' dir='ltr'>a</span> <span class='ocrx_word' id='word_1_311' title='bbox 1667 3098 1815 3180; x_wconf 88' lang='lat' dir='ltr'>scriptore</span> <span class='ocrx_word' id='word_1_312' title='bbox 1834 3096 2071 3180; x_wconf 87' lang='lat' dir='ltr'>negligentioris</span> 
     </span>
     <span class='ocr_line' id='line_1_29' title="bbox 289 3199 2070 3280; baseline -0.003 -12"><span class='ocrx_word' id='word_1_313' title='bbox 289 3203 439 3269; x_wconf 91' lang='lat' dir='ltr'>sermonis</span> <span class='ocrx_word' id='word_1_314' title='bbox 461 3202 660 3268; x_wconf 88' lang='lat' dir='ltr'>coniunctum</span> <span class='ocrx_word' id='word_1_315' title='bbox 683 3219 750 3267; x_wconf 88' lang='lat' dir='ltr'>osse</span> <span class='ocrx_word' id='word_1_316' title='bbox 767 3222 838 3267; x_wconf 92' lang='lat' dir='ltr'>cum</span> <span class='ocrx_word' id='word_1_317' title='bbox 857 3202 992 3269; x_wconf 83' lang='lat' dir='ltr'>ablativo</span> <span class='ocrx_word' id='word_1_318' title='bbox 1015 3203 1170 3280; x_wconf 90' lang='lat' dir='ltr'>absoluto,</span> <span class='ocrx_word' id='word_1_319' title='bbox 1193 3202 1274 3267; x_wconf 92' lang='lat' dir='ltr'>nihil</span> <span class='ocrx_word' id='word_1_320' title='bbox 1296 3203 1390 3268; x_wconf 90' lang='lat' dir='ltr'>habet</span> <span class='ocrx_word' id='word_1_321' title='bbox 1410 3203 1602 3280; x_wconf 79' lang='lat' dir='ltr'>offensionis,</span> <span class='ocrx_word' id='word_1_322' title='bbox 1625 3201 1680 3266; x_wconf 86' lang='lat' dir='ltr'>cfr.</span> <span class='ocrx_word' id='word_1_323' title='bbox 1698 3202 1840 3279; x_wconf 82' lang='lat' dir='ltr'>Tacitus,</span> <span class='ocrx_word' id='word_1_324' title='bbox 1863 3219 1934 3265; x_wconf 90' lang='lat' dir='ltr'>ann.</span> <span class='ocrx_word' id='word_1_325' title='bbox 1950 3201 1999 3276; x_wconf 89' lang='lat'>12,</span> <span class='ocrx_word' id='word_1_326' title='bbox 2022 3199 2070 3262; x_wconf 85' lang='lat'>12.</span> 
     </span>
     <span class='ocr_line' id='line_1_30' title="bbox 288 3303 2070 3390; baseline -0.002 -20"><span class='ocrx_word' id='word_1_327' title='bbox 288 3306 347 3370; x_wconf 90' lang='lat' dir='ltr'>Ille</span> <span class='ocrx_word' id='word_1_328' title='bbox 362 3306 525 3371; x_wconf 87' lang='lat' dir='ltr'>interritus</span> <span class='ocrx_word' id='word_1_329' title='bbox 540 3307 572 3370; x_wconf 90' lang='lat' dir='ltr'>et</span> <span class='ocrx_word' id='word_1_330' title='bbox 587 3307 674 3388; x_wconf 88' lang='lat' dir='ltr'>parte</span> <span class='ocrx_word' id='word_1_331' title='bbox 690 3306 848 3388; x_wconf 89' lang='lat' dir='ltr'>copiarum</span> <span class='ocrx_word' id='word_1_332' title='bbox 863 3307 942 3390; x_wconf 89' lang='lat' dir='ltr'>apud</span> <span class='ocrx_word' id='word_1_333' title='bbox 956 3305 1078 3388; x_wconf 85' lang='lat' dir='ltr'>Syriam</span> <span class='ocrx_word' id='word_1_334' title='bbox 1093 3307 1212 3384; x_wconf 88' lang='lat' dir='ltr'>relicta,</span> <span class='ocrx_word' id='word_1_335' title='bbox 1230 3308 1262 3370; x_wconf 92' lang='lat' dir='ltr'>et</span> <span class='ocrx_word' id='word_1_336' title='bbox 1273 3307 1420 3390; x_wconf 89' lang='lat' dir='ltr'>Draegcr,</span> <span class='ocrx_word' id='word_1_337' title='bbox 1439 3307 1515 3371; x_wconf 84' lang='lat' dir='ltr'>riber</span> <span class='ocrx_word' id='word_1_338' title='bbox 1528 3306 1643 3390; x_wconf 82' lang='lat' dir='ltr'>Syntar</span> <span class='ocrx_word' id='word_1_339' title='bbox 1660 3306 1723 3372; x_wconf 87' lang='lat' dir='ltr'>und</span> <span class='ocrx_word' id='word_1_340' title='bbox 1738 3305 1800 3372; x_wconf 87' lang='lat' dir='ltr'>Stil</span> <span class='ocrx_word' id='word_1_341' title='bbox 1815 3305 1869 3370; x_wconf 89' lang='lat' dir='ltr'>des</span> <span class='ocrx_word' id='word_1_342' title='bbox 1880 3305 2008 3370; x_wconf 79' lang='lat' dir='ltr'>Tacitus</span> <span class='ocrx_word' id='word_1_343' title='bbox 2020 3303 2070 3368; x_wconf 86' lang='grc'>96.</span> 
     </span>
     <span class='ocr_line' id='line_1_31' title="bbox 457 3409 2070 3494; baseline -0.002 -20"><span class='ocrx_word' id='word_1_344' title='bbox 457 3411 586 3475; x_wconf 88' lang='lat' dir='ltr'>Ineunte</span> <span class='ocrx_word' id='word_1_345' title='bbox 609 3411 642 3474; x_wconf 90' lang='lat' dir='ltr'>et</span> <span class='ocrx_word' id='word_1_346' title='bbox 662 3409 764 3474; x_wconf 88' lang='lat' dir='ltr'>medio</span> <span class='ocrx_word' id='word_1_347' title='bbox 785 3411 886 3493; x_wconf 87' lang='lat' dir='ltr'>capite</span> <span class='ocrx_word' id='word_1_348' title='bbox 908 3411 974 3475; x_wconf 86' lang='lat' dir='ltr'>XL.</span> <span class='ocrx_word' id='word_1_349' title='bbox 998 3413 1104 3476; x_wconf 88' lang='lat' dir='ltr'>narrat</span> <span class='ocrx_word' id='word_1_350' title='bbox 1123 3411 1266 3494; x_wconf 90' lang='lat' dir='ltr'>scriptor,</span> <span class='ocrx_word' id='word_1_351' title='bbox 1287 3410 1417 3474; x_wconf 91' lang='lat' dir='ltr'>Didium</span> <span class='ocrx_word' id='word_1_352' title='bbox 1439 3411 1472 3474; x_wconf 92' lang='lat' dir='ltr'>in</span> <span class='ocrx_word' id='word_1_353' title='bbox 1495 3410 1658 3475; x_wconf 90' lang='lat' dir='ltr'>castellum</span> <span class='ocrx_word' id='word_1_354' title='bbox 1681 3411 1719 3474; x_wconf 90' lang='lat' dir='ltr'>ad</span> <span class='ocrx_word' id='word_1_355' title='bbox 1739 3429 1825 3474; x_wconf 88' lang='lat' dir='ltr'>mare</span> <span class='ocrx_word' id='word_1_356' title='bbox 1848 3410 1944 3474; x_wconf 91' lang='lat' dir='ltr'>situm</span> <span class='ocrx_word' id='word_1_357' title='bbox 1967 3427 2000 3473; x_wconf 93' lang='lat' dir='ltr'>se</span> <span class='ocrx_word' id='word_1_358' title='bbox 2021 3425 2070 3470; x_wconf 92' lang='lat' dir='ltr'>re-</span> 
     </span>
     <span class='ocr_line' id='line_1_32' title="bbox 291 3509 2071 3599; baseline -0.004 -19"><span class='ocrx_word' id='word_1_359' title='bbox 291 3515 426 3598; x_wconf 89' lang='lat' dir='ltr'>cepisse,</span> <span class='ocrx_word' id='word_1_360' title='bbox 447 3516 480 3579; x_wconf 92' lang='lat' dir='ltr'>et</span> <span class='ocrx_word' id='word_1_361' title='bbox 502 3515 643 3599; x_wconf 86' lang='lat' dir='ltr'>quamvis</span> <span class='ocrx_word' id='word_1_362' title='bbox 666 3532 760 3580; x_wconf 89' lang='lat' dir='ltr'>naves</span> <span class='ocrx_word' id='word_1_363' title='bbox 782 3514 858 3591; x_wconf 89' lang='lat' dir='ltr'>eins,</span> <span class='ocrx_word' id='word_1_364' title='bbox 881 3513 992 3598; x_wconf 92' lang='lat' dir='ltr'>quibus</span> <span class='ocrx_word' id='word_1_365' title='bbox 1015 3533 1050 3579; x_wconf 89' lang='lat' dir='ltr'>eo</span> <span class='ocrx_word' id='word_1_366' title='bbox 1072 3515 1282 3597; x_wconf 89' lang='lat' dir='ltr'>pervenisset,</span> <span class='ocrx_word' id='word_1_367' title='bbox 1312 3515 1479 3580; x_wconf 84' lang='lat' dir='ltr'>satistuto</span> <span class='ocrx_word' id='word_1_368' title='bbox 1507 3515 1557 3578; x_wconf 86' lang='lat' dir='ltr'>rel</span> <span class='ocrx_word' id='word_1_369' title='bbox 1580 3515 1658 3580; x_wconf 91' lang='lat' dir='ltr'>satis</span> <span class='ocrx_word' id='word_1_370' title='bbox 1685 3514 1855 3598; x_wconf 90' lang='lat' dir='ltr'>propinquo</span> <span class='ocrx_word' id='word_1_371' title='bbox 1878 3513 1945 3576; x_wconf 95' lang='lat' dir='ltr'>loco</span> <span class='ocrx_word' id='word_1_372' title='bbox 1968 3509 2071 3575; x_wconf 91' lang='lat' dir='ltr'>essent</span> 
     </span>
     <span class='ocr_line' id='line_1_33' title="bbox 289 3613 2070 3700; baseline -0.004 -16"><span class='ocrx_word' id='word_1_373' title='bbox 289 3620 472 3697; x_wconf 91' lang='lat' dir='ltr'>collocatae,</span> <span class='ocrx_word' id='word_1_374' title='bbox 501 3637 571 3682; x_wconf 89' lang='lat' dir='ltr'>eum</span> <span class='ocrx_word' id='word_1_375' title='bbox 591 3618 752 3682; x_wconf 90' lang='lat' dir='ltr'>brachium</span> <span class='ocrx_word' id='word_1_376' title='bbox 770 3617 814 3681; x_wconf 89' lang='lat' dir='ltr'>ad</span> <span class='ocrx_word' id='word_1_377' title='bbox 836 3616 908 3681; x_wconf 89' lang='lat' dir='ltr'>illas</span> <span class='ocrx_word' id='word_1_378' title='bbox 930 3615 1116 3699; x_wconf 88' lang='lat' dir='ltr'>perduxisse.</span> <span class='ocrx_word' id='word_1_379' title='bbox 1162 3617 1353 3700; x_wconf 84' lang='lat' dir='ltr'>Quapropter</span> <span class='ocrx_word' id='word_1_380' title='bbox 1381 3619 1505 3696; x_wconf 87' lang='lat' dir='ltr'>hostes,</span> <span class='ocrx_word' id='word_1_381' title='bbox 1534 3617 1588 3683; x_wconf 91' lang='lat' dir='ltr'>ubi</span> <span class='ocrx_word' id='word_1_382' title='bbox 1618 3617 1735 3682; x_wconf 83' lang='lat' dir='ltr'>frustra</span> <span class='ocrx_word' id='word_1_383' title='bbox 1757 3615 1922 3681; x_wconf 88' lang='lat' dir='ltr'>cotidianis</span> <span class='ocrx_word' id='word_1_384' title='bbox 1944 3613 2070 3698; x_wconf 91' lang='lat' dir='ltr'>proeliis</span> 
     </span>
     <span class='ocr_line' id='line_1_34' title="bbox 290 3719 2070 3805; baseline -0.004 -16"><span class='ocrx_word' id='word_1_385' title='bbox 290 3725 419 3790; x_wconf 91' lang='lat' dir='ltr'>Didium</span> <span class='ocrx_word' id='word_1_386' title='bbox 442 3742 477 3786; x_wconf 92' lang='lat' dir='ltr'>ex</span> <span class='ocrx_word' id='word_1_387' title='bbox 499 3722 627 3788; x_wconf 89' lang='lat' dir='ltr'>castello</span> <span class='ocrx_word' id='word_1_388' title='bbox 651 3740 722 3786; x_wconf 87' lang='lat' dir='ltr'>cunr</span> <span class='ocrx_word' id='word_1_389' title='bbox 744 3721 810 3785; x_wconf 90' lang='lat' dir='ltr'>suis</span> <span class='ocrx_word' id='word_1_390' title='bbox 829 3721 1046 3805; x_wconf 90' lang='lat' dir='ltr'>procedentem</span> <span class='ocrx_word' id='word_1_391' title='bbox 1067 3723 1235 3805; x_wconf 89' lang='lat' dir='ltr'>reprimere</span> <span class='ocrx_word' id='word_1_392' title='bbox 1261 3723 1452 3798; x_wconf 89' lang='lat' dir='ltr'>tentassent,</span> <span class='ocrx_word' id='word_1_393' title='bbox 1479 3722 1644 3786; x_wconf 89' lang='lat' dir='ltr'>consilium</span> <span class='ocrx_word' id='word_1_394' title='bbox 1668 3721 1785 3804; x_wconf 89' lang='lat' dir='ltr'>cepisse</span> <span class='ocrx_word' id='word_1_395' title='bbox 1814 3721 1925 3805; x_wconf 90' lang='lat' dir='ltr'>positis</span> <span class='ocrx_word' id='word_1_396' title='bbox 1948 3719 2070 3784; x_wconf 90' lang='lat' dir='ltr'>insidiis</span> 
     </span>
     <span class='ocr_line' id='line_1_35' title="bbox 290 3811 2070 3909; baseline -0.004 -16"><span class='ocrx_word' id='word_1_397' title='bbox 290 3829 437 3893; x_wconf 87' lang='lat' dir='ltr'>simulata</span> <span class='ocrx_word' id='word_1_398' title='bbox 459 3827 525 3892; x_wconf 91' lang='lat' dir='ltr'>acie</span> <span class='ocrx_word' id='word_1_399' title='bbox 547 3827 676 3890; x_wconf 91' lang='lat' dir='ltr'>Didium</span> <span class='ocrx_word' id='word_1_400' title='bbox 699 3845 715 3890; x_wconf 93' lang='lat' dir='ltr'>e</span> <span class='ocrx_word' id='word_1_401' title='bbox 737 3825 867 3891; x_wconf 93' lang='lat' dir='ltr'>castello</span> <span class='ocrx_word' id='word_1_402' title='bbox 898 3827 1058 3892; x_wconf 81' lang='lat' dir='ltr'>evocatum</span> <span class='ocrx_word' id='word_1_403' title='bbox 1081 3843 1233 3909; x_wconf 90' lang='lat' dir='ltr'>superare.</span> <span class='ocrx_word' id='word_1_404' title='bbox 1285 3811 1431 3891; x_wconf 73' lang='lat' dir='ltr'>Proxima</span> <span class='ocrx_word' id='word_1_405' title='bbox 1457 3826 1551 3890; x_wconf 85' lang='lat' dir='ltr'>verba</span> <span class='ocrx_word' id='word_1_406' title='bbox 1574 3827 1659 3909; x_wconf 88' lang='lat' dir='ltr'>[post</span> <span class='ocrx_word' id='word_1_407' title='bbox 1679 3825 1822 3890; x_wconf 86' lang='lat' dir='ltr'>lacunam</span> <span class='ocrx_word' id='word_1_408' title='bbox 1845 3843 1864 3888; x_wconf 90' lang='lat' dir='ltr'>a</span> <span class='ocrx_word' id='word_1_409' title='bbox 1885 3823 2070 3907; x_wconf 88' lang='lat' dir='ltr'>Nipperdeio</span> 
     </span>
     <span class='ocr_line' id='line_1_36' title="bbox 290 3927 2072 4014; baseline -0.002 -20"><span class='ocrx_word' id='word_1_410' title='bbox 290 3931 444 4012; x_wconf 89' lang='lat' dir='ltr'>notatam]</span> <span class='ocrx_word' id='word_1_411' title='bbox 457 3929 578 3994; x_wconf 90' lang='lat' dir='ltr'>codices</span> <span class='ocrx_word' id='word_1_412' title='bbox 594 3929 640 3994; x_wconf 92' lang='lat' dir='ltr'>sic</span> <span class='ocrx_word' id='word_1_413' title='bbox 656 3929 803 3994; x_wconf 87' lang='lat' dir='ltr'>exhibent</span> <span class='ocrx_word' id='word_1_414' title='bbox 822 3929 1005 3996; x_wconf 92' lang='lat' dir='ltr'>insidias</span> <span class='ocrx_word' id='word_1_415' title='bbox 1024 3931 1181 4014; x_wconf 89' lang='lat' dir='ltr'>ponunt</span> <span class='ocrx_word' id='word_1_416' title='bbox 1204 3931 1242 3994; x_wconf 87' lang='lat' dir='ltr'>et</span> <span class='ocrx_word' id='word_1_417' title='bbox 1264 3929 1487 4012; x_wconf 88' lang='lat' dir='ltr'>tripartito</span> <span class='ocrx_word' id='word_1_418' title='bbox 1510 3930 1630 4013; x_wconf 91' lang='lat' dir='ltr'>signa</span> <span class='ocrx_word' id='word_1_419' title='bbox 1651 3931 1924 3995; x_wconf 89' lang='lat' dir='ltr'>distribuunt.</span> <span class='ocrx_word' id='word_1_420' title='bbox 1946 3927 2072 3992; x_wconf 81' lang='lat' dir='ltr'>Erant</span> 
     </span>
     <span class='ocr_line' id='line_1_37' title="bbox 290 4031 2072 4118; baseline -0.004 -18"><span class='ocrx_word' id='word_1_421' title='bbox 290 4035 442 4118; x_wconf 89' lang='lat' dir='ltr'>parati,</span> <span class='ocrx_word' id='word_1_422' title='bbox 474 4033 541 4117; x_wconf 91' lang='lat' dir='ltr'>qui</span> <span class='ocrx_word' id='word_1_423' title='bbox 571 4051 694 4098; x_wconf 85' lang='lat' dir='ltr'>navos</span> <span class='ocrx_word' id='word_1_424' title='bbox 724 4033 995 4099; x_wconf 89' lang='lat' dir='ltr'>incenderent</span> <span class='ocrx_word' id='word_1_425' title='bbox 1024 4034 1296 4117; x_wconf 89' lang='lat' dir='ltr'>incensisque</span> <span class='ocrx_word' id='word_1_426' title='bbox 1325 4035 1364 4098; x_wconf 92' lang='lat' dir='ltr'>in</span> <span class='ocrx_word' id='word_1_427' title='bbox 1395 4034 1626 4099; x_wconf 91' lang='lat' dir='ltr'>subsidium</span> <span class='ocrx_word' id='word_1_428' title='bbox 1655 4033 1912 4118; x_wconf 90' lang='lat' dir='ltr'>repeterent;</span> <span class='ocrx_word' id='word_1_429' title='bbox 1941 4031 1983 4095; x_wconf 91' lang='lat' dir='ltr'>hi</span> <span class='ocrx_word' id='word_1_430' title='bbox 2013 4031 2072 4095; x_wconf 90' lang='lat' dir='ltr'>sic</span> 
     </span>
     <span class='ocr_line' id='line_1_38' title="bbox 290 4137 2070 4222; baseline -0.002 -20"><span class='ocrx_word' id='word_1_431' title='bbox 290 4138 493 4222; x_wconf 90' lang='lat' dir='ltr'>dispositi</span> <span class='ocrx_word' id='word_1_432' title='bbox 522 4139 654 4214; x_wconf 88' lang='lat' dir='ltr'>erant,</span> <span class='ocrx_word' id='word_1_433' title='bbox 684 4138 727 4201; x_wconf 91' lang='lat' dir='ltr'>ut</span> <span class='ocrx_word' id='word_1_434' title='bbox 749 4156 767 4201; x_wconf 91' lang='lat' dir='ltr'>a</span> <span class='ocrx_word' id='word_1_435' title='bbox 790 4137 902 4204; x_wconf 90' lang='lat' dir='ltr'>nullo</span> <span class='ocrx_word' id='word_1_436' title='bbox 925 4186 933 4202; x_wconf 90' lang='lat'><strong>.</strong></span> <span class='ocrx_word' id='word_1_437' title='bbox 954 4187 962 4204; x_wconf 90' lang='lat'><strong>.</strong></span> <span class='ocrx_word' id='word_1_438' title='bbox 984 4187 992 4202; x_wconf 93' lang='lat'><strong>.</strong></span> <span class='ocrx_word' id='word_1_439' title='bbox 1012 4188 1020 4204; x_wconf 90' lang='lat'><strong><em>.</em></strong></span> <span class='ocrx_word' id='word_1_440' title='bbox 1044 4139 1170 4222; x_wconf 87' lang='lat' dir='ltr'>[lacuna</span> <span class='ocrx_word' id='word_1_441' title='bbox 1190 4137 1351 4222; x_wconf 89' lang='lat' dir='ltr'>Nipperd]</span> <span class='ocrx_word' id='word_1_442' title='bbox 1376 4140 1601 4222; x_wconf 92' lang='lat' dir='ltr'>conspectu</span> <span class='ocrx_word' id='word_1_443' title='bbox 1632 4139 1808 4204; x_wconf 89' lang='lat' dir='ltr'>omnium</span> <span class='ocrx_word' id='word_1_444' title='bbox 1830 4137 1876 4200; x_wconf 92' lang='lat' dir='ltr'>ad</span> <span class='ocrx_word' id='word_1_445' title='bbox 1898 4153 2070 4218; x_wconf 90' lang='lat' dir='ltr'>pugnarn</span> 
     </span>
     <span class='ocr_line' id='line_1_39' title="bbox 291 4241 2071 4328; baseline -0.002 -21"><span class='ocrx_word' id='word_1_446' title='bbox 291 4241 551 4307; x_wconf 89' lang='lat' dir='ltr'>contendunt</span> <span class='ocrx_word' id='word_1_447' title='bbox 594 4242 715 4306; x_wconf 90' lang='lat' dir='ltr'>Deinde</span> <span class='ocrx_word' id='word_1_448' title='bbox 738 4244 909 4326; x_wconf 82' lang='lat' dir='ltr'>exponitur,</span> <span class='ocrx_word' id='word_1_449' title='bbox 931 4244 1114 4321; x_wconf 88' lang='lat' dir='ltr'>Lusitanos,</span> <span class='ocrx_word' id='word_1_450' title='bbox 1138 4263 1209 4308; x_wconf 91' lang='lat' dir='ltr'>cum</span> <span class='ocrx_word' id='word_1_451' title='bbox 1229 4243 1341 4308; x_wconf 92' lang='lat' dir='ltr'>Didius</span> <span class='ocrx_word' id='word_1_452' title='bbox 1364 4245 1401 4310; x_wconf 87' lang='lat' dir='ltr'>ad</span> <span class='ocrx_word' id='word_1_453' title='bbox 1420 4243 1631 4310; x_wconf 83' lang='lat' dir='ltr'>dimicandum</span> <span class='ocrx_word' id='word_1_454' title='bbox 1648 4263 1828 4328; x_wconf 90' lang='lat' dir='ltr'>progressus</span> <span class='ocrx_word' id='word_1_455' title='bbox 1844 4243 1941 4319; x_wconf 89' lang='lat' dir='ltr'>esset,</span> <span class='ocrx_word' id='word_1_456' title='bbox 1964 4241 2071 4307; x_wconf 91' lang='lat' dir='ltr'>eodem</span> 
     </span>
     <span class='ocr_line' id='line_1_40' title="bbox 291 4345 2071 4432; baseline 0 -24"><span class='ocrx_word' id='word_1_457' title='bbox 291 4347 381 4426; x_wconf 91' lang='lat' dir='ltr'>signo</span> <span class='ocrx_word' id='word_1_458' title='bbox 404 4347 437 4408; x_wconf 91' lang='lat' dir='ltr'>et</span> <span class='ocrx_word' id='word_1_459' title='bbox 460 4363 554 4409; x_wconf 86' lang='lat' dir='ltr'>naves</span> <span class='ocrx_word' id='word_1_460' title='bbox 577 4345 768 4422; x_wconf 90' lang='lat' dir='ltr'>incendisse,</span> <span class='ocrx_word' id='word_1_461' title='bbox 791 4348 823 4410; x_wconf 89' lang='lat' dir='ltr'>et</span> <span class='ocrx_word' id='word_1_462' title='bbox 845 4348 953 4430; x_wconf 91' lang='lat' dir='ltr'>quiin</span> <span class='ocrx_word' id='word_1_463' title='bbox 975 4349 1041 4413; x_wconf 90' lang='lat' dir='ltr'>acie</span> <span class='ocrx_word' id='word_1_464' title='bbox 1064 4349 1243 4424; x_wconf 89' lang='lat' dir='ltr'>stetissent,</span> <span class='ocrx_word' id='word_1_465' title='bbox 1274 4349 1362 4432; x_wconf 90' lang='lat' dir='ltr'>terga</span> <span class='ocrx_word' id='word_1_466' title='bbox 1384 4351 1530 4426; x_wconf 86' lang='lat' dir='ltr'>vertisse,</span> <span class='ocrx_word' id='word_1_467' title='bbox 1560 4350 1596 4412; x_wconf 92' lang='lat' dir='ltr'>ut</span> <span class='ocrx_word' id='word_1_468' title='bbox 1616 4349 1744 4413; x_wconf 91' lang='lat' dir='ltr'>Didium</span> <span class='ocrx_word' id='word_1_469' title='bbox 1767 4347 1805 4412; x_wconf 89' lang='lat' dir='ltr'>ad</span> <span class='ocrx_word' id='word_1_470' title='bbox 1827 4345 2071 4430; x_wconf 90' lang='lat' dir='ltr'>persequendum</span> 
     </span>
     <span class='ocr_line' id='line_1_41' title="bbox 292 4448 2073 4535; baseline -0.001 -23"><span class='ocrx_word' id='word_1_471' title='bbox 292 4448 476 4522; x_wconf 77' lang='lat' dir='ltr'>incitarent3</span> <span class='ocrx_word' id='word_1_472' title='bbox 500 4449 672 4532; x_wconf 91' lang='lat' dir='ltr'>quodcum</span> <span class='ocrx_word' id='word_1_473' title='bbox 696 4453 778 4516; x_wconf 90' lang='lat' dir='ltr'>esset</span> <span class='ocrx_word' id='word_1_474' title='bbox 798 4452 934 4529; x_wconf 85' lang='lat' dir='ltr'>factum,</span> <span class='ocrx_word' id='word_1_475' title='bbox 964 4453 1093 4518; x_wconf 88' lang='lat' dir='ltr'>Didium</span> <span class='ocrx_word' id='word_1_476' title='bbox 1115 4453 1229 4530; x_wconf 89' lang='lat' dir='ltr'>abiis,</span> <span class='ocrx_word' id='word_1_477' title='bbox 1262 4453 1315 4535; x_wconf 93' lang='lat' dir='ltr'>qui</span> <span class='ocrx_word' id='word_1_478' title='bbox 1344 4455 1435 4518; x_wconf 88' lang='lat' dir='ltr'>antea</span> <span class='ocrx_word' id='word_1_479' title='bbox 1464 4455 1498 4518; x_wconf 91' lang='lat' dir='ltr'>in</span> <span class='ocrx_word' id='word_1_480' title='bbox 1524 4453 1647 4516; x_wconf 90' lang='lat' dir='ltr'>insidiis</span> <span class='ocrx_word' id='word_1_481' title='bbox 1677 4452 1825 4528; x_wconf 83' lang='lat' dir='ltr'>fuissent,</span> <span class='ocrx_word' id='word_1_482' title='bbox 1856 4453 1982 4533; x_wconf 89' lang='lat' dir='ltr'>atergo</span> <span class='ocrx_word' id='word_1_483' title='bbox 2005 4465 2073 4512; x_wconf 88' lang='lat' dir='ltr'>assa</span> 
     </span>
     <span class='ocr_line' id='line_1_42' title="bbox 292 4552 2072 4640; baseline -0.001 -23"><span class='ocrx_word' id='word_1_484' title='bbox 292 4555 545 4620; x_wconf 82' lang='lat' dir='ltr'>circumventum.</span> <span class='ocrx_word' id='word_1_485' title='bbox 588 4555 689 4638; x_wconf 88' lang='lat' dir='ltr'>Igitur</span> <span class='ocrx_word' id='word_1_486' title='bbox 717 4555 923 4638; x_wconf 87' lang='lat' dir='ltr'>Nipperdeius</span> <span class='ocrx_word' id='word_1_487' title='bbox 944 4558 995 4620; x_wconf 91' lang='lat' dir='ltr'>Pr.</span> <span class='ocrx_word' id='word_1_488' title='bbox 1017 4557 1079 4621; x_wconf 85' lang='grc'>249</span> <span class='ocrx_word' id='word_1_489' title='bbox 1102 4556 1269 4620; x_wconf 88' lang='lat' dir='ltr'>Lusitanos</span> <span class='ocrx_word' id='word_1_490' title='bbox 1300 4557 1425 4621; x_wconf 91' lang='lat' dir='ltr'>omnino</span> <span class='ocrx_word' id='word_1_491' title='bbox 1456 4557 1614 4640; x_wconf 90' lang='lat' dir='ltr'>tripartito</span> <span class='ocrx_word' id='word_1_492' title='bbox 1645 4555 1830 4622; x_wconf 89' lang='lat' dir='ltr'>distributos</span> <span class='ocrx_word' id='word_1_493' title='bbox 1852 4556 1950 4620; x_wconf 86' lang='lat' dir='ltr'>fuisse</span> <span class='ocrx_word' id='word_1_494' title='bbox 1977 4552 2072 4626; x_wconf 87' lang='lat' dir='ltr'>dicit;</span> 
     </span>
     <span class='ocr_line' id='line_1_43' title="bbox 292 4654 2073 4743; baseline -0.003 -21"><span class='ocrx_word' id='word_1_495' title='bbox 292 4659 384 4724; x_wconf 89' lang='lat' dir='ltr'>unius</span> <span class='ocrx_word' id='word_1_496' title='bbox 406 4659 504 4740; x_wconf 88' lang='lat' dir='ltr'>partis</span> <span class='ocrx_word' id='word_1_497' title='bbox 527 4659 640 4735; x_wconf 85' lang='lat' dir='ltr'>fuisse,</span> <span class='ocrx_word' id='word_1_498' title='bbox 671 4677 765 4724; x_wconf 89' lang='lat' dir='ltr'>naves</span> <span class='ocrx_word' id='word_1_499' title='bbox 788 4660 967 4738; x_wconf 90' lang='lat' dir='ltr'>incendere,</span> <span class='ocrx_word' id='word_1_500' title='bbox 999 4660 1144 4736; x_wconf 90' lang='lat' dir='ltr'>alterius,</span> <span class='ocrx_word' id='word_1_501' title='bbox 1170 4659 1236 4723; x_wconf 88' lang='lat' dir='ltr'>acie</span> <span class='ocrx_word' id='word_1_502' title='bbox 1258 4659 1412 4724; x_wconf 89' lang='lat' dir='ltr'>instructa</span> <span class='ocrx_word' id='word_1_503' title='bbox 1434 4659 1578 4743; x_wconf 86' lang='lat' dir='ltr'>progredi</span> <span class='ocrx_word' id='word_1_504' title='bbox 1600 4661 1632 4724; x_wconf 88' lang='lat' dir='ltr'>et</span> <span class='ocrx_word' id='word_1_505' title='bbox 1653 4659 1746 4725; x_wconf 93' lang='lat' dir='ltr'>Didio</span> <span class='ocrx_word' id='word_1_506' title='bbox 1770 4659 1934 4724; x_wconf 88' lang='lat' dir='ltr'>accedente</span> <span class='ocrx_word' id='word_1_507' title='bbox 1956 4654 2073 4737; x_wconf 86' lang='lat' dir='ltr'>fugere,</span> 
     </span>
     <span class='ocr_line' id='line_1_44' title="bbox 293 4761 2074 4846; baseline -0.001 -22"><span class='ocrx_word' id='word_1_508' title='bbox 293 4761 419 4838; x_wconf 87' lang='lat' dir='ltr'>tertiae,</span> <span class='ocrx_word' id='word_1_509' title='bbox 442 4779 478 4826; x_wconf 88' lang='lat' dir='ltr'>er</span> <span class='ocrx_word' id='word_1_510' title='bbox 499 4761 623 4826; x_wconf 89' lang='lat' dir='ltr'>insidiis</span> <span class='ocrx_word' id='word_1_511' title='bbox 646 4781 804 4846; x_wconf 88' lang='lat' dir='ltr'>erumpere</span> <span class='ocrx_word' id='word_1_512' title='bbox 827 4765 859 4827; x_wconf 94' lang='lat' dir='ltr'>et</span> <span class='ocrx_word' id='word_1_513' title='bbox 881 4764 1009 4828; x_wconf 91' lang='lat' dir='ltr'>Didium</span> <span class='ocrx_word' id='word_1_514' title='bbox 1037 4783 1055 4827; x_wconf 89' lang='lat' dir='ltr'>a</span> <span class='ocrx_word' id='word_1_515' title='bbox 1078 4765 1166 4846; x_wconf 87' lang='lat' dir='ltr'>tergo</span> <span class='ocrx_word' id='word_1_516' title='bbox 1188 4763 1421 4828; x_wconf 85' lang='lat' dir='ltr'>circumvenire.</span> <span class='ocrx_word' id='word_1_517' title='bbox 1464 4765 1524 4828; x_wconf 92' lang='lat' dir='ltr'>His</span> <span class='ocrx_word' id='word_1_518' title='bbox 1546 4767 1650 4830; x_wconf 89' lang='lat' dir='ltr'>autem</span> <span class='ocrx_word' id='word_1_519' title='bbox 1671 4765 1774 4830; x_wconf 88' lang='lat' dir='ltr'>verbis</span> <span class='ocrx_word' id='word_1_520' title='bbox 1803 4761 2074 4842; x_wconf 90' lang='lat' dir='ltr'>incensisque</span> 
     </span>
     <span class='ocr_line' id='line_1_45' title="bbox 293 4864 2074 4952; baseline 0.001 -26"><span class='ocrx_word' id='word_1_521' title='bbox 293 4864 362 4944; x_wconf 93' lang='lat' dir='ltr'>qui</span> <span class='ocrx_word' id='word_1_522' title='bbox 385 4865 616 4930; x_wconf 90' lang='lat' dir='ltr'>subsidium</span> <span class='ocrx_word' id='word_1_523' title='bbox 639 4868 880 4949; x_wconf 90' lang='lat' dir='ltr'>repeterent</span> <span class='ocrx_word' id='word_1_524' title='bbox 910 4887 977 4931; x_wconf 90' lang='lat' dir='ltr'>eam</span> <span class='ocrx_word' id='word_1_525' title='bbox 995 4868 1146 4932; x_wconf 90' lang='lat' dir='ltr'>contineri</span> <span class='ocrx_word' id='word_1_526' title='bbox 1165 4885 1289 4931; x_wconf 90' lang='lat' dir='ltr'>necesse</span> <span class='ocrx_word' id='word_1_527' title='bbox 1307 4886 1375 4931; x_wconf 89' lang='lat' dir='ltr'>esso</span> <span class='ocrx_word' id='word_1_528' title='bbox 1393 4870 1529 4950; x_wconf 89' lang='lat' dir='ltr'>partem,</span> <span class='ocrx_word' id='word_1_529' title='bbox 1553 4887 1629 4952; x_wconf 87' lang='lat' dir='ltr'>quae</span> <span class='ocrx_word' id='word_1_530' title='bbox 1644 4870 1772 4934; x_wconf 89' lang='lat' dir='ltr'>Didium</span> <span class='ocrx_word' id='word_1_531' title='bbox 1794 4885 1813 4930; x_wconf 89' lang='lat' dir='ltr'>a</span> <span class='ocrx_word' id='word_1_532' title='bbox 1831 4869 1919 4948; x_wconf 89' lang='lat' dir='ltr'>tergo</span> <span class='ocrx_word' id='word_1_533' title='bbox 1942 4865 2074 4929; x_wconf 90' lang='lat' dir='ltr'>circum·</span> 
     </span>
     <span class='ocr_line' id='line_1_46' title="bbox 294 4967 2076 5055; baseline -0.001 -23"><span class='ocrx_word' id='word_1_534' title='bbox 294 4969 410 5033; x_wconf 86' lang='lat' dir='ltr'>veniat.</span> <span class='ocrx_word' id='word_1_535' title='bbox 454 4972 541 5034; x_wconf 90' lang='lat' dir='ltr'>Haec</span> <span class='ocrx_word' id='word_1_536' title='bbox 567 4989 638 5035; x_wconf 88' lang='lat' dir='ltr'>vero</span> <span class='ocrx_word' id='word_1_537' title='bbox 661 4971 755 5036; x_wconf 85' lang='lat' dir='ltr'>verba</span> <span class='ocrx_word' id='word_1_538' title='bbox 777 4971 852 5036; x_wconf 86' lang='lat' dir='ltr'>adeo</span> <span class='ocrx_word' id='word_1_539' title='bbox 884 4971 1028 5053; x_wconf 87' lang='lat' dir='ltr'>corrupta</span> <span class='ocrx_word' id='word_1_540' title='bbox 1056 4989 1141 5047; x_wconf 91' lang='lat' dir='ltr'>esso,</span> <span class='ocrx_word' id='word_1_541' title='bbox 1171 4971 1208 5033; x_wconf 89' lang='lat' dir='ltr'>ut</span> <span class='ocrx_word' id='word_1_542' title='bbox 1237 4989 1298 5036; x_wconf 90' lang='lat' dir='ltr'>non</span> <span class='ocrx_word' id='word_1_543' title='bbox 1320 4971 1497 5037; x_wconf 87' lang='lat' dir='ltr'>viderentur·</span> <span class='ocrx_word' id='word_1_544' title='bbox 1517 4991 1607 5055; x_wconf 91' lang='lat' dir='ltr'>posse</span> <span class='ocrx_word' id='word_1_545' title='bbox 1628 4971 1767 5046; x_wconf 90' lang='lat' dir='ltr'>restitui,</span> <span class='ocrx_word' id='word_1_546' title='bbox 1801 4987 1873 5032; x_wconf 88' lang='lat' dir='ltr'>uam</span> <span class='ocrx_word' id='word_1_547' title='bbox 1896 4967 2076 5052; x_wconf 85' lang='lat' dir='ltr'>Glandorpii</span> 
     </span>
    </p>
   </div>
   <div class='ocr_carea' id='block_1_3' title="bbox 0 0 2330 5732">
    <p class='ocr_par' dir='ltr' id='par_1_3' title="bbox 0 0 2330 5732">
     <span class='ocr_line' id='line_1_47' title="bbox 0 0 2330 5732; baseline 0 0"><span class='ocrx_word' id='word_1_548' title='bbox 0 0 2330 5732; x_wconf 95' lang='lat' dir='ltr'> </span> 
     </span>
    </p>
   </div>
  </div>
 </body>
</html>
